2134 3034
428 194 474 228 32
997 185 1041 221 N.
1069 183 1154 220 Jon.
1184 183 1368 229 SCHEUTZ,

530 293 602 322 olis.
630 290 655 319 1.
702 287 772 318 Hoc
795 286 977 327 speciosum
1003 286 1103 317 Geum
1129 285 1168 317 ab
1192 284 1337 316 omnibus
1367 284 1484 326 optime
1514 282 1712 323 dignoscitur
1739 281 1847 314 habitu
1870 281 2000 313 robusto

378 350 409 378 et
438 345 553 382 obeso,
585 340 669 373 foliis
705 339 840 371 caulinis
877 337 1174 377 subreniformibus,
1204 337 1336 377 Iobatis,
1375 346 1393 366 a
1422 335 1458 367 G.
1490 335 1614 374 stricto,
1645 334 1695 365 cui
1726 334 1904 374 proximum
1934 336 1998 373 est,

376 397 553 439 petalorum
578 394 679 424 forma
704 394 735 421 et
759 389 958 430 carpophoro
986 389 1096 429 glabro
1123 389 1217 420 facile
1247 386 1518 427 distinguendum.
1542 404 1584 408 -
1608 385 1793 426 Speciniina
1821 389 1927 416 tamen
1946 384 1999 426 ja-

377 448 491 490 ponica
515 444 579 476 vidi
603 447 633 474 ct
657 442 828 483 graciliora
853 444 884 472 et
908 441 1093 472 robustiora.

528 506 598 535 Obs.
623 504 651 534 2.
700 504 739 533 G.
761 502 948 543 japovzz'cum
977 500 1100 531 Thunb.
1132 502 1163 530 et
1191 500 1230 530 G.
1261 498 1511 538 macrophyllzmz
1539 495 1637 527 Willd
1681 506 1774 527 unain
1800 495 2000 535 eandemque

377 558 540 599 respicere
563 556 704 596 plantam
724 554 791 595 jam
814 553 999 584 observavit
1022 552 1057 582 E.
1082 552 1204 591 F1<113s3
1229 560 1337 581 earum
1367 549 1566 581 identitatem
1597 547 1733 589 probant
1763 551 1827 578 tum
1858 546 2001 587 descrip-

377 611 420 641 tio
444 607 643 646 Thunbergii
667 616 736 637 cum
762 604 980 645 descriptione
1003 603 1218 634 Willdenowii
1243 605 1443 642 comparata,
1468 605 1533 631 tum
1558 600 1733 641 specimina
1758 599 1795 630 G.
1815 598 1959 640 japonici
1984 608 2003 629 a

378 662 614 693 THUNBERfflo
639 658 732 688 lecta.
779 656 861 687 Hinc
886 656 1006 686 nullum
1031 654 1160 685 dubium
1186 653 1225 685 de
1249 653 1361 684 harum
1385 652 1565 693 plantarum
1592 651 1774 690 identitate,
1805 649 1862 681 sed
1887 659 2003 681 nomen

378 710 678 750 Tlinnbergianuni,
704 708 788 749 quod
817 708 983 748 prioritate
1011 705 1166 746 gaudeat,
1195 704 1410 743 retinendum,
1434 713 1626 743 quamquam
1650 712 1764 733 nomen
1788 700 2003 732 Willdenowii

378 765 497 806 plantae
519 761 748 802 macrophyllae
773 759 930 790 convenit.
953 777 995 780 —
1019 757 1205 798 Speciinina
1229 756 1399 796 graciliora
1424 755 1621 786 THUNBERG
1643 754 1675 784 in
1699 753 1837 794 Japonia
1860 753 1938 793 legit
1959 756 2005 783 at-

378 825 439 857 que
462 814 494 845 111
519 824 558 844 ea
581 812 753 853 descriptio
778 810 974 850 Thunbergii
999 810 1116 850 optime
1140 808 1287 849 quadrat.

531 875 601 904 0115.
627 872 656 902 3.
705 871 769 903 Sub
793 870 974 902 nominibus
1008 869 1044 901 G.
1069 869 1221 900 Sieboldii
1251 871 1282 899 et
1316 867 1353 898 G.
1377 867 1492 906 Roylei
1515 866 1647 906 insuper
1670 865 1702 895 in
1727 863 1826 895 hortis
1850 863 2006 895 botanicis

380 930 492 968 vagat,
518 935 534 956 e
560 923 734 955 seminibus
760 923 817 953 sub
841 922 900 953 hoc
924 921 1052 953 nomine
1076 921 1185 952 missis
1210 918 1381 951 educatum
1405 918 1436 948 in
1461 917 1542 948 hort.
1567 917 1677 958 Upsal.

383 1039 438 1074 13.
480 1035 609 1072 GEUM
643 1034 993 1070 AGRIMONOIDES
1023 1031 1063 1069 O.
1091 1032 1134 1068 A.
1164 1031 1288 1078 Meyer
1315 1029 1411 1065 foliis
1436 1027 1734 1075 pinnatipartitis,
1763 1025 1904 1062 laciniis
1925 1026 2007 1061 sub-

482 1095 697 1142 aequalibus,
733 1092 1058 1136 inciso-laciniatis,
1092 1090 1338 1138 superioribus
1373 1088 1581 1132 sessilibus,
1623 1087 1851 1122 inferioribus
1894 1085 2006 1132 petio-

481 1155 583 1200 latis3
611 1153 742 1201 petalis
771 1152 864 1187 albis
891 1151 1008 1186 rarius
1037 1150 1260 1186 ocliroleucis
1289 1148 1472 1192 ovalibus,
1501 1148 1625 1194 calyce
1646 1146 1785 1181 demum
1807 1144 2008 1181 subrcfiexo

483 1213 725 1258 brevioribus,
753 1211 923 1259 carpellis
950 1210 1247 1258 pubescentibus,
1276 1208 1379 1255 apice
1407 1207 1525 1253 hirtis,
1553 1206 1637 1253 styli
1665 1205 1815 1240 articulo
1840 1203 2007 1240 inferiore

483 1273 706 1319 longitudine
735 1271 922 1307 articulum
950 1269 1170 1316 superiorem
1207 1267 1386 1314 hispidum
1418 1266 1633 1312 excedente3
1671 1264 1894 1311 carpophoro
1923 1263 2007 1299 den-

484 1333 627 1369 sissime
655 1332 875 1378 pubescente
903 1329 1033 1365 sessili.

384 1424 462 1460 Syn.
489 1419 528 1450 G.
553 1418 790 1457 Aarlnzouoc'des
814 1418 893 1446 ΟΛ.
919 1418 995 1454 Mey.
1025 1416 1088 1444 Iud.
1114 1425 1181 1443 sem.
1202 1415 1276 1443 hort.
1300 1415 1415 1452 Petrop.
1440 1414 1496 1448 XI,
1521 1424 1549 1451 p.
1574 1414 1623 1442 29.
1642 1429 1682 1432 ——
1712 1412 1835 1440 Dubium
1860 1413 1917 1445 est,
1942 1420 2009 1438 num

555 1471 645 1499 Pursh
681 1471 723 1498 Fi.
749 1471 842 1499 Ainer.
869 1473 942 1507 sept.
968 1470 1001 1501 1,
1031 1478 1057 1505 p.
1083 1468 1142 1495 351
1180 1467 1279 1499 (etiam
1310 1466 1432 1494 exclusis
1462 1466 1655 1503 synonymis),
1697 1465 1765 1492 Dec.
1796 1462 1895 1491 Prodr.
1922 1463 1957 1497 2,
1982 1473 2010 1501 p.

557 1523 631 1556 554,
664 1522 787 1550 Trattin.
824 1522 956 1557 Monogr.
987 1520 1090 1547 Rosac.
1121 1519 1155 1553 3,
1189 1529 1216 1556 p.
1245 1519 1303 1546 144
1333 1523 1361 1546 et
1392 1518 1512 1555 Spreng.
1552 1518 1627 1555 Syst.
1664 1516 1736 1553 Vog.
1762 1516 1794 1550 ⁸2,
1825 1525 1852 1553 p.
1877 1514 1938 1542 543
1974 1514 2009 1542 ad

556 1575 627 1601 1111110
652 1574 771 1611 speciem
798 1567 962 1600 reserantur.

495 1624 533 1655 G.
558 1625 735 1654 laciniosum
760 1625 849 1654 Murr.
877 1634 909 1651 ex
935 1623 1045 1651 Cornm.
1071 1623 1160 1650 Goett.
1187 1622 1220 1655 5,
1245 1631 1273 1659 p.
1298 1621 1337 1649 36
1363 1620 1495 1654 (dubium
1519 1620 1655 1654 videtur).

534 1700 640 1731 Habit.
664 1700 697 1730 in
722 1699 870 1730 American
893 1697 1151 1737 septentrionali,
1176 1699 1210 1727 ut
1232 1696 1264 1727 in
1287 1695 1507 1736 Pensylvania
1535 1695 1576 1726 ad
1600 1695 1693 1726 litora
1719 1692 1964 1734 Susquehannae
1982 1696 2015 1724 et

385 1752 428 1784 ad
457 1751 630 1783 Missourin
666 1751 877 1791 superiorem,
909 1748 950 1779 ad
979 1749 1143 1788 Pittsburg
1170 1747 1241 1788 (sub
1266 1748 1394 1778 nomine
1420 1748 1460 1778 G.
1485 1747 1551 1778 albi·
1574 1747 1700 1778 Gmel.'?
1731 1745 1894 1787 specimen
1919 1744 2014 1776 adest

385 1804 416 1834 in
440 1803 527 1834 herb.
552 1814 631 1833 mus.
656 1803 834 1833 Holmiens.
860 1800 920 1831 huc
948 1799 1170 1839 referendum).
1206 1799 1300 1839 spec.
1326 1799 1357 1830 in
1382 1799 1472 1830 horto
1496 1799 1608 1839 Upsal.
1635 1798 1719 1829 culta
1746 1807 1763 1828 e
1789 1797 1901 1828 semin.
1931 1796 2014 1827 horti

386 1855 559 1896 Petropol.,
585 1864 655 1885 cum
681 1853 898 1893 descriptione
923 1851 1170 1884 0111111110
1194 1851 1432 1891 convenientia,
1459 1850 1577 1882 adsunt
1600 1851 1633 1881 in
1656 1849 1746 1880 herb.
1770 1849 1877 1880 Fmsss
1901 1849 1941 1888 (v.
1967 1848 2013 1888 s.).

539 1923 714 1954 Hirsutum.
761 1921 869 1953 Caulis
895 1921 1040 1958 strictus,
1067 1919 1223 1959 hirsutus,
1249 1919 1288 1950 ab
1312 1918 1419 1950 infimo
1444 1929 1602 1957 ramosus,
1628 1919 1725 1950 ramis
1751 1917 1885 1957 strictis,
1909 1916 2014 1957 graci-

386 1976 484 2014 libus,
509 1974 647 2013 foliosis,
674 1973 771 2004 bi-vel
794 1972 988 2014 paucifloris.
1035 1971 1147 2002 Flores
1173 1971 1345 2010 suberecti,
1371 1971 1466 2010 longe
1491 1970 1697 2011 pedunculati
1721 1970 1839 2009 (saltim
1869 1971 1944 2010 post
1967 1968 2014 1999 in-

386 2026 609 2065 floscentiam),
637 2025 699 2056 albi
724 2025 775 2056 vel
798 2023 993 2061 ochi-eleuci,
1018 2022 1239 2062 magnitudine
1262 2021 1371 2053 florum
1397 2022 1456 2053 Gei
1481 2022 1603 2053 urbani.
1651 2022 1743 2053 Folia
1768 2020 1923 2052 radicalia
1946 2020 2014 2051 fere

388 2078 545 2117 dissecta,
570 2077 697 2108 caulina
720 2076 870 2107 inferiora
895 2075 1153 2116 pinnatipartita,
1178 2074 1345 2114 superiora
1369 2073 1542 2114 tripartita,
1568 2073 1692 2104 laeiniae
1717 2073 1864 2104 foliorum
1887 2071 2015 2103 inferio-

386 2139 454 2160 rum
489 2129 626 2169 quinque
663 2128 753 2159 basin
789 2137 902 2158 versus
939 2127 1182 2165 decrescentes,
1218 2124 1489 2164 inciso-dentatae,
1520 2125 1645 2156 laciniae
1681 2135 1755 2156 vero
1785 2124 1929 2155 foliorum
1960 2133 2012 2154 su-

388 2182 545 2222 periorum
576 2183 731 2216 dentatae,
763 2179 833 2210 basi
863 2178 1076 2218 confluentes,
1107 2178 1232 2218 stipulae
1267 2176 1425 2216 obovatae,
1460 2176 1571 2207 incisae
1599 2180 1630 2215 (a
1661 2175 1764 2206 Pursli
1793 2175 2017 2206 describuntur

389 2237 505 2270 ovatae,
536 2232 746 2271 subintegrae,
777 2240 847 2271 quae
878 2229 1051 2270 descriptio
1084 2229 1115 2259 in
1144 2229 1322 2269 specimina
1346 2231 1454 2259 nostra
1477 2238 1541 2259 non
1565 2227 1713 2268 quadrat)
1735 2227 1853 2268 petiole
1878 2225 2016 2257 adnatae.

391 2283 629 2325 Carpophorum
654 2282 784 2322 sessile,
810 2281 1004 2312 densissime
1028 2281 1218 2322 pubescens.
1265 2279 1415 2320 Car-pella
1438 2279 1662 2320 pubescentia,
1689 2279 1780 2320 apice
1805 2281 1924 2309 setosa.

541 2352 614 2382 Οὐδ.
661 2350 797 2382 Dubium
832 2349 966 2389 videtur,
991 2359 1033 2380 an
1067 2348 1135 2380 haec
1170 2348 1280 2389 planta
1315 2348 1357 2379 sit
1391 2347 1519 2388 eadem,
1554 2357 1649 2388 quam
1683 2346 1801 2378 Pusssn
1836 2345 2016 2386 descripsit.

391 2405 573 2436 Proximum
598 2405 648 2433 est
674 2402 713 2433 G.
738 2403 860 2432 urbano
886 2404 916 2431 et
940 2401 979 2431 G.
1007 2401 1093 2440 albo,
1119 2410 1138 2430 a
1162 2400 1274 2440 quibus
1298 2403 1405 2430 tamen
1429 2398 1535 2429 differt
1559 2398 1642 2429 foliis
1667 2397 1802 2428 caulinis
1819 2396 2018 2438 pinnatipar-

391 2457 457 2488 titis
482 2456 532 2488 vel
556 2453 779 2496 pinnatisectis
805 2456 836 2483 et
860 2451 1057 2493 carpophoro
1082 2461 1219 2492 superne
1244 2450 1327 2491 pube
1352 2450 1438 2481 brevi
1461 2454 1555 2481 tecto.
1602 2449 1640 2480 A.
1666 2449 1703 2481 G.
1729 2450 1855 2490 stricto,
1885 2457 2019 2488 quocum

391 2508 476 2539 foliis
501 2509 533 2537 et
555 2505 689 2536 hirsutie
713 2503 946 2544 quodammodo
971 2503 1133 2542 convenit,
1159 2502 1286 2542 longius
1312 2501 1425 2543 distat3
1451 2501 1553 2533 forma
1582 2504 1677 2541 atque
1708 2501 1813 2532 colore
1840 2499 2019 2541 petalorum

394 2558 533 2590 ovaliuin
557 2557 764 2596 alborumque
787 2555 909 2596 (petala
932 2554 964 2585 in
989 2554 1026 2586 G.
1052 2554 1162 2586 stricto
1193 2563 1321 2595 semper
1352 2553 1462 2594 aurea>
1490 2552 1621 2584 recedit.
1668 2551 1747 2584 Cum
1772 2553 1813 2583 G.
1837 2551 2020 2591 virqiniano
