2134 3034
415 213 461 247 20
972 207 1006 242 J.
1035 207 1077 242 E.
1106 207 1388 251 ZETTERSTEDT,

366 313 421 346 74.
482 310 740 345 Ortlzotriekum
773 309 903 356 Lyellz’i
928 308 1039 343 Hook
1067 311 1102 342 et
1126 307 1232 354 Tayl.
1251 329 1302 332 —
1330 306 1484 352 Schimp.
1506 305 1590 352 Syn.
1611 317 1643 351 p.
1666 306 1748 340 279.
1769 327 1818 331 ——
1837 305 1895 340 ΒΓ.
1916 316 1987 340 eur.

528 369 598 404 tab.
630 369 712 403 221.
741 390 791 393 -—
818 367 957 402 Hartm.
986 366 1041 400 Fl.
1071 365 1124 400 ed.
1151 367 1187 407 9Ί
1216 377 1250 411 p.
1280 366 1337 399 47.

514 444 564 474 Ad
588 444 719 475 arbores
744 453 816 474 raro
840 446 871 473 et
891 440 1110 472 tantummodo
1135 444 1295 481 repertum
1319 439 1361 469 ad
1385 438 1526 479 Ottenby
1550 439 1582 469 in
1607 438 1705 470 horto.
1730 458 1768 461 —
1793 442 1829 470 A.

366 523 421 555 75.
482 521 665 568 Tetraphis
690 520 863 567 pellucida
892 517 1007 565 (Dill.)
1023 540 1072 544 —
1093 517 1248 563 Schimp.
1266 516 1350 563 Syn.
1367 528 1398 562 p.
1421 517 1504 551 228.
1524 538 1573 542 ——-
1592 516 1651 551 ΒΓ.
1668 527 1739 551 eur.
1754 515 1824 550 tab.
1843 516 1924 549 196.
1940 535 1990 540 -

530 579 667 615 Hartm.
696 578 750 614 Fl.
780 577 834 612 ed.
865 579 903 622 9,
932 589 965 623 p.
995 578 1052 611 39.

514 655 565 686 Ad
594 659 712 686 terram
740 658 771 685 et
799 657 927 684 truncos
951 652 1096 693 putridos
1122 653 1273 683 silvarum
1304 651 1444 692 pluribus
1469 650 1563 689 loeis,
1589 659 1618 680 v.
1643 658 1669 679 e.
1692 648 1724 679 in
1749 647 1838 678 silvis
1864 646 1989 678 Conife-

362 715 470 736 rarum
494 706 576 736 inter
601 705 728 736 Saxuiis
753 708 784 735 et
808 704 958 743 Rohfflla,
984 704 1016 734 in
1040 703 1188 733 betuletis
1212 703 1293 733 inter
1317 702 1409 733 Stora
1433 704 1485 731 1⁶61·
1509 705 1540 732 et
1563 700 1672 739 Ralla,
1698 699 1729 729 in
1758 697 1850 729 Bijda
1876 698 1991 728 krono—

363 756 446 796 park
469 757 576 787 multis
602 757 681 787 loeis
706 775 746 778 ›—
771 766 797 787 ο.
822 756 858 787 fr.
884 774 924 777 —
948 755 988 785 M.
1014 754 1048 785 Β.

368 835 423 868 76.
478 835 682 880 Enealypta
709 833 863 879 vzclyctrz‘s
890 831 935 868 H.
960 852 1010 857 —
1034 830 1190 876 Schimp.
1219 829 1303 876 Syn.
1331 841 1364 875 p.
1394 830 1542 864 286—
1562 826 1620 860 ΒΓ.
1648 837 1718 862 eur.
1738 826 1809 861 tab.
1833 827 1914 861 199.
1944 847 1994 851 —

532 892 736 939 Enoalypta
763 889 977 926 extinctoria
1002 888 1140 923 Hartm.
1169 888 1224 923 ΕΙ.
1255 887 1310 925 ed.
1340 889 1377 931 9,
1408 898 1440 932 p.
1470 888 1528 921 53.

513 967 565 998 Ad
595 971 712 998 terram
743 970 775 997 et
804 976 885 997 saxa
915 966 1063 996 calam-ea
1092 964 1200 994 multis
1230 964 1310 1011 lovois
1334 963 1374 993 ab
1397 950 1466 993 Abs
1494 962 1584 992 alvar
1608 960 1648 991 ad
1672 961 1780 991 Horus
1804 960 1993 1001 sj'obranter.

366 1017 512 1049 Occurrit
538 1018 652 1058 partim
677 1018 709 1048 in
733 1017 854 1057 campis
880 1014 1118 1052 alvarensibus,
1144 1025 1172 1045 v.
1198 1023 1223 1045 c.
1247 1013 1330 1053 Ahs,
1356 1013 1489 1052 Resmo,
1515 1011 1699 1052 Wieffleby,
1730 1012 1849 1052 Tvet33
1880 1011 1993 1051 partim

365 1069 407 1100 ad
437 1079 518 1099 saxa
551 1069 715 1108 calcarea.
745 1067 798 1098 ubi
829 1067 1015 1107 plerumque
1044 1076 1113 1096 var.
1145 1075 1162 1102 γ
1189 1065 1325 1104 pilz'fercc
1349 1064 1486 1103 Sclaimp.
1510 1063 1529 1093 Z.
1554 1073 1577 1092 e.
1602 1062 1673 1092 laete
1695 1063 1797 1102 viget,
1823 1072 1851 1093 v.
1878 1072 1903 1093 o.
1929 1062 1994 1092 Κῦ-

364 1120 461 1160 pings
485 1120 628 1159 branter,
654 1118 844 1158 Borgholms
869 1117 1106 1152 slottsbranter,
1130 1116 1237 1147 Horns
1263 1115 1443 1156 sj'obranter
1467 1132 1506 1135 —
1531 1122 1557 1143 C.
1582 1113 1618 1143 fr.
1644 1131 1683 1134 ——
1710 1113 1747 1144 A.
1772 1114 1812 1144 M.
1836 1113 1872 1144 B.

367 1206 386 1238 7
394 1206 424 1238 7.
477 1203 684 1251 Encalypz‘m
711 1203 954 1249 rhabdocarpa
982 1201 1177 1246 Schwaegr.
1206 1222 1255 1226 —
1288 1200 1443 1245 Schimp.
1473 1199 1556 1245 Syn.
1587 1209 1618 1244 p.
1654 1199 1736 1233 287.
1764 1219 1816 1224 —
1842 1197 1900 1232 ΒΥ.
1921 1208 1992 1234 eur.

531 1262 602 1297 tab.
633 1263 716 1296 203.
743 1283 794 1287 —
820 1261 960 1296 Hartm.
988 1259 1042 1294 Fl.
1071 1259 1125 1294 ed.
1156 1261 1193 1304 9,
1222 1271 1255 1306 p.
1286 1260 1343 1293 52.

517 1338 567 1369 Ad
591 1340 701 1378 petras
726 1340 757 1367 et
778 1346 858 1367 saxa
883 1336 1031 1366 calcarea
1055 1337 1105 1365 sat
1129 1344 1215 1374 raro,
1241 1344 1269 1366 v.
1294 1344 1320 1365 c.
1346 1322 1413 1365 Abs
1439 1334 1544 1372 alvar,
1568 1332 1673 1362 Horns
1699 1331 1893 1372 sjtjbranter,
1912 1334 1995 1362 utro-

368 1399 429 1429 que
449 1389 518 1420 loco
544 1388 639 1419 valde
663 1397 760 1429 parce
785 1405 824 1409 —
850 1396 876 1417 e.
900 1386 936 1416 fr.
962 1403 1001 1407 —
1026 1385 1063 1415 A.
1087 1384 1123 1415 B.

368 1468 425 1501 78.
479 1466 685 1512 Eozealypta
703 1471 941 1511 streptocarpa
959 1462 1005 1497 H.
1025 1483 1075 1488 —
1094 1460 1250 1507 Sohimp.
1271 1460 1355 1507 Syn.
1374 1472 1408 1507 p.
1428 1462 1510 1496 292.
1525 1482 1576 1487 -
1594 1460 1652 1495 ssr.
1670 1471 1741 1494 eur.
1760 1459 1831 1494 tab.
1849 1460 1932 1495 204.
1947 1481 1998 1485 ——

533 1524 671 1559 Hartm.
700 1522 754 1557 Fl.
785 1521 838 1557 ed.
869 1522 905 1565 9,
931 1532 964 1566 p.
994 1521 1051 1554 52.

375 1639 385 1649 Ο
516 1599 567 1631 Ad
590 1602 723 1638 terram,
748 1600 856 1638 petras
882 1599 914 1626 et
937 1605 1019 1626 saxa
1042 1595 1191 1626 calcarea
1216 1598 1266 1626 sat
1291 1595 1424 1634 vulgare
1448 1603 1506 1634 per
1528 1597 1627 1624 totam
1651 1593 1717 1624 fere
1742 1593 1932 1624 Oelandiam
1956 1594 1996 1625 ab

366 1650 436 1682 Ahs
461 1651 551 1681 alvar
575 1648 616 1679 ad
641 1648 774 1689 flag-by,
799 1646 988 1688 parcissime
1012 1649 1118 1677 tamen
1142 1645 1338 1677 fructificans
1358 1654 1386 1675 v.
1407 1654 1433 1675 c.
1457 1644 1498 1675 ad
1517 1644 1620 1674 Tveta
1645 1663 1679 1666 —
1699 1653 1723 1674 ο.
1743 1644 1779 1675 fr.
1797 1663 1837 1666 —
1853 1645 1891 1676 A.
1905 1645 1945 1676 M.
1959 1645 1996 1676 B.

371 1730 426 1763 79.
481 1727 648 1763 Fzmarz'a
682 1725 839 1760 calcarea
873 1723 958 1769 Wg.
987 1745 1036 1749 -——
1065 1722 1219 1768 Schimp.
1250 1721 1335 1768 Syn.
1362 1734 1395 1768 p.
1426 1723 1508 1757 320.
1538 1743 1586 1747 —
1620 1721 1759 1756 Hartm.
1788 1721 1842 1756 Fl.
1873 1722 1927 1757 ed.
1958 1724 1996 1764 9.

535 1798 567 1832 p.
597 1786 655 1819 42.
684 1805 734 1809 -—
760 1782 922 1817 Funaria
948 1780 1212 1826 Miihlenbergii
1240 1780 1298 1815 ΒΓ.
1328 1791 1399 1814 eur.
1427 1780 1496 1814 tab.
1527 1781 1608 1814 303.

517 1861 568 1892 Ad
591 1864 709 1891 terram
734 1857 1105 1898 argillaceo-calcaream
1130 1855 1348 1886 tantummodo
1376 1859 1503 1896 reperta
1532 1856 1563 1886 in
1593 1855 1743 1895 K‘Opings
1772 1855 1900 1886 branter
1924 1866 1997 1896 par-

368 1913 498 1944 cissime
523 1931 562 1934 -—
587 1921 612 1941 ο.
637 1911 672 1941 fr.
699 1928 738 1932 —
762 1909 802 1940 M.

370 1991 427 2024 80.
482 1988 648 2023 Funcwia
681 1985 934 2033 lzyyrometrica
971 1983 1042 2029 (L.)
1076 2005 1126 2009 —
1159 1982 1314 2028 Schimp.
1349 1982 1433 2029 Syn.
1466 1995 1499 2029 p.
1537 1984 1619 2017 323.
1651 2004 1702 2008 —
1732 1983 1791 2018 Br.
1826 1994 1896 2019 eur.
1925 1984 1996 2019 tab.

537 2048 619 2081 305.
647 2066 696 2071 —
725 2044 865 2079 Hartm.
893 2043 947 2078 Fi.
978 2041 1031 2076 ed.
1062 2043 1100 2083 9,
1129 2052 1162 2087 p.
1192 2043 1250 2075 42.

520 2120 570 2152 Ad
595 2124 712 2151 terram
737 2120 832 2159 vulgo
857 2119 1006 2158 dispersa
1029 2127 1086 2157 per
1109 2121 1207 2148 totam
1231 2116 1421 2148 Oelandiam
1449 2116 1488 2147 ab
1512 2115 1651 2157 Ottenby
1675 2116 1717 2147 ad
1740 2117 1830 2147 Bijda
1855 2121 1886 2148 et
1909 2127 1996 2149 more

370 2173 464 2205 solito
490 2170 663 2203 admodum
691 2170 855 2201 variabilis
880 2187 920 2191 —
945 2178 971 2199 e.
996 2169 1032 2199 fr.
1058 2186 1098 2189 -«-
1123 2168 1160 2199 A.
1184 2168 1224 2198 M.
1248 2168 1283 2198 B.

370 2252 427 2285 81.
482 2249 721 2296 Leptobryum
752 2245 946 2293 pyrzforme
980 2244 1050 2290 (L.)
1081 2265 1131 2270 —-—
1165 2243 1321 2289 Sohimp.
1355 2243 1439 2290 Syn.
1476 2255 1509 2289 p.
1547 2243 1629 2277 239.
1658 2264 1705 2268 —
1739 2243 1874 2290 Bryum
1900 2245 1996 2291 pyri-

537 2308 649 2341 forme
678 2305 736 2339 ΒΓ.
771 2315 843 2338 eur.
877 2304 948 2338 tab.
980 2304 1063 2337 355.
1091 2324 1141 2328 —
1168 2302 1306 2337 Hartm.
1333 2301 1388 2336 Fl.
1418 2300 1471 2336 ed.
1502 2302 1541 2345 9,
1568 2312 1601 2346 p.
1631 2302 1688 2335 39.

520 2382 571 2413 Ad
594 2386 712 2412 tei-ram
736 2380 768 2411 in
794 2379 899 2418 silvis,
925 2377 966 2409 ad
992 2378 1153 2417 margines
1177 2377 1316 2415 viarum,
1342 2377 1372 2407 in
1396 2377 1569 2418 paludibus
1594 2382 1653 2409 etc.
1679 2376 1785 2407 multis
1809 2377 1903 2417 locis,
1929 2377 1996 2417 plc-

370 2444 500 2475 rumque
525 2437 630 2464 tamen
655 2440 765 2472 parce,
790 2440 819 2461 v.
845 2440 870 2460 c.
894 2427 1110 2465 Alunbruket,
1137 2428 1169 2458 in
1193 2427 1275 2457 silva
1299 2428 1380 2458 inter
1405 2427 1532 2459 Saxniis
1562 2431 1593 2458 et
1621 2427 1773 2465 Rijh'alla,
1804 2426 1995 2466 Borgholms

371 2485 608 2519 slottsbranter,
638 2481 679 2512 ad
707 2480 871 2520 margines
901 2479 1022 2510 viarum
1052 2487 1151 2519 prope
1180 2478 1330 2518 templum
1360 2478 1506 2518 KUping,
1544 2478 1651 2508 Horns
1683 2477 1879 2518 sj'dbranter,
1902 2477 1994 2508 Bijda

370 2534 556 2575 kronopark
580 2552 622 2556 ——
646 2542 672 2563 0.
699 2532 736 2563 fr.
763 2550 801 2553 —
825 2531 862 2562 A.
888 2530 928 2561 M.
953 2530 989 2560 B.
