2134 3034
551 157 782 193 PRODRoMUs
810 157 1099 193 MONOGRAPHIAE
1128 155 1301 192 GEORUM.
1638 156 1681 190 13

110 260 269 308 gaudere
293 259 475 305 videntur,
504 259 556 294 810
585 259 619 294 in
648 258 816 294 America
849 258 893 293 G.
917 257 1186 305 mayellam'cum
1204 257 1333 292 lectum
1354 261 1409 292 est
1428 256 1615 291 altitudine
1636 257 1734 291 3500

109 319 189 367 ped.
232 331 340 366 supra
373 330 489 363 mare,
524 318 561 353 in
593 318 684 353 Asia
722 318 764 354 G.
793 319 990 364 hyrcanum
1026 316 1212 352 adscendit
1243 316 1289 351 ad
1330 316 1549 351 altitudinem
1584 316 1735 350 4800—

111 379 210 414 5400
248 378 328 425 ped.
383 377 564 414 Summam
600 377 819 412 altitudinem
856 387 966 423 supra
1001 387 1099 410 mare
1138 376 1194 410 vel
1232 377 1364 421 l0,000
1400 375 1480 422 ped.
1535 373 1578 411 G.
1614 374 1736 410 Rossii

111 437 256 484 attingit
294 438 330 473 in
363 436 494 484 Rocky
532 436 737 471 Mountains
772 435 960 470 Amerieae.
1014 435 1108 470 Aliae
1141 446 1280 481 quoque
1316 439 1398 470 sunt
1430 434 1588 481 species,
1621 438 1658 469 ut
1692 445 1736 469 ex

108 496 198 531 locis
232 496 325 531 infra
357 496 475 531 allatis
510 499 624 542 patet,
660 506 740 541 quae
773 495 875 541 alpes
911 494 967 529 vel
999 498 1138 529 montes
1172 494 1319 530 altiores
1346 495 1528 541 praecipue
1560 492 1737 536 incolunt,

110 555 176 591 sed
204 566 310 601 quam
338 555 409 590 alte
438 566 547 601 supra
581 566 678 589 mare
713 553 909 595 nonnullae,
947 556 984 588 ut
1021 553 1064 587 G.
1093 554 1235 593 elatum,
1276 553 1319 590 G.
1349 553 1538 594 adnatant,
1576 552 1620 589 G.
1651 565 1735 586 ane-

110 615 306 655 monoz'des,
338 615 382 650 G.
410 614 591 648 radiatum
620 617 654 648 et
687 614 730 647 (J.
755 613 878 647 Peclcz'z'
902 611 1140 655 adscendant,
1171 612 1256 647 mihi
1284 612 1445 658 ignotum
1475 616 1539 647 est.

265 672 542 709 Observandum
569 672 724 715 videtur,
754 672 895 718 speeies
919 681 1022 706 zonae
1048 671 1191 717 fiigidae
1218 683 1289 706 non
1317 671 1388 706 late
1409 670 1617 706 distributas
1639 681 1737 715 esse,

112 732 396 768 distributionem
420 743 504 767 vero
525 731 679 778 plurium
699 731 899 778 specierum
919 740 1021 765 zonae
1040 733 1249 776 temperatae
1267 735 1407 765 vastam
1428 741 1526 774 esse,
1559 740 1738 775 unamque

111 792 270 839 speeiem
298 801 400 827 zonae
428 790 557 825 calidae
584 790 620 825 in
648 794 848 837 temperata
875 800 1013 835 quoque
1041 789 1180 824 lectam.
1234 789 1359 835 Neque
1388 789 1455 825 1100
1483 789 1562 824 1000
1589 794 1738 836 praeter-

112 850 267 886 eundum
301 854 371 895 est,
410 850 599 885 nonnullas
633 849 774 896 species
802 848 964 884 habitare
992 848 1027 883 in
1054 847 1144 883 10018
1173 851 1208 883 et
1233 848 1443 894 regionibus
1470 848 1579 894 longe
1604 848 1738 884 distan-

111 909 221 954 tibus,
261 909 459 945 desiderari
493 913 611 944 tamen
646 909 682 943 in
716 908 821 943 terris
855 906 1087 943 intermediis.
1139 907 1317 954 Exempla
1350 908 1512 954 praebent
1542 908 1634 942 inter
1667 907 1739 942 alia

118 970 233 1005 Geum
268 969 443 1016 hispidum
476 968 512 1002 in
547 967 677 1004 Sueeia
711 966 859 1002 australi
893 970 929 1001 et
955 966 990 1000 in
1018 965 1198 1012 Hispania
1225 966 1372 1012 lectum3
1407 967 1451 1002 G.
1479 968 1739 1014 heterocarpum

111 1028 148 1064 in
174 1028 370 1075 Hispania,
398 1027 490 1063 Asia
515 1026 643 1062 minori
673 1030 708 1061 et
734 1026 864 1061 Persia
890 1025 1067 1061 habitans.
1121 1025 1289 1071 Plerique
1321 1025 1484 1061 hodierni
1516 1025 1672 1061 botaniei
1705 1029 1740 1060 et

113 1087 261 1134 geologi
295 1086 472 1134 ejusmodi
507 1085 793 1122 distributionem
825 1085 1006 1132 explicare
1041 1085 1180 1129 volunt,
1212 1085 1268 1120 vel
1300 1084 1481 1130 fingendis
1514 1084 1620 1120 terris
1646 1085 1739 1130 jam-

114 1146 245 1182 dudum
287 1146 499 1191 submersis,
538 1145 597 1181 vel
634 1144 816 1192 ponendo,
852 1145 996 1192 plantas
1032 1144 1207 1190 quasdam
1248 1148 1424 1190 tempore,
1466 1143 1560 1190 quod
1594 1143 1740 1190 geologi

112 1206 297 1253 appellant
324 1205 495 1252 glaciale,
523 1204 569 1240 ad
588 1205 798 1240 remotiores
818 1205 921 1251 alpes
941 1208 976 1239 et
994 1209 1110 1239 terras
1129 1203 1420 1249 transmigrasse.
1474 1203 1602 1239 Nonne
1622 1207 1740 1238 autem

112 1269 324 1313 proventum
357 1265 492 1312 plantae
525 1263 711 1310 eujusdam
744 1263 781 1298 in
815 1263 961 1298 remotis
994 1263 1099 1298 terris
1128 1267 1163 1298 et
1189 1262 1353 1298 exsilium
1382 1262 1568 1308 regionum
1595 1261 1740 1308 interja-

113 1325 268 1361 centium
300 1324 433 1360 rectius
469 1323 646 1370 explices,
683 1323 858 1366 efficiens,
900 1322 992 1357 hanc
1019 1321 1076 1356 vel
1103 1321 1200 1356 illam
1228 1322 1387 1368 plantam
1415 1322 1451 1356 in
1479 1321 1584 1357 terris
1611 1321 1740 1357 mediis

114 1388 311 1420 emortuam
339 1381 555 1418 evanuisse?
596 1382 800 1428 Utcumque
828 1386 899 1426 est,
927 1392 993 1416 nos
1021 1380 1077 1416 his
1102 1381 1299 1416 rationibus
1328 1380 1423 1416 ducti
1451 1392 1522 1416 non
1549 1392 1740 1427 possumus

112 1455 184 1479 non
213 1447 370 1479 statuere
394 1442 499 1489 plura
527 1442 685 1488 cujusvis
713 1441 848 1488 speciei
875 1439 1060 1476 individua
1087 1439 1285 1486 originaria
1312 1444 1348 1476 et
1374 1439 1469 1475 haud
1497 1440 1573 1476 8010
1599 1452 1644 1475 an
1663 1440 1741 1487 plu-

112 1514 172 1539 res
199 1503 346 1550 patrias.

268 1561 352 1606 Est,
381 1559 476 1607 quod
502 1571 687 1595 numerum
716 1559 915 1606 specierum
944 1559 1152 1602 afferamus,
1182 1569 1262 1604 quae
1285 1557 1331 1593 ad
1355 1569 1642 1604 unamquamque
1660 1569 1741 1605 par-

114 1626 186 1658 tem
215 1621 312 1657 orbis
339 1625 513 1655 terrarum
539 1619 720 1666 pertinent
746 1619 804 1654 vel
829 1618 1017 1665 unicuique
1046 1622 1127 1653 sunt
1154 1617 1311 1664 propriae
1337 1618 1396 1653 vel
1430 1617 1568 1653 duabus
1596 1617 1654 1652 vel
1681 1616 1741 1652 tri-

113 1682 182 1718 bus
209 1681 371 1728 partibus
399 1679 496 1715 orbis
524 1683 697 1714 terrarum
726 1681 808 1713 sunt
834 1688 1056 1713 communes:

267 1756 309 1792 In
339 1756 491 1803 Europa
525 1754 765 1801 reperiuntur:
811 1755 855 1788 17
891 1753 969 1803 (21)
1007 1753 1166 1800 speeies,
1200 1764 1349 1799 quarum
1380 1752 1437 1788 hae
1470 1756 1551 1788 sunt
1585 1752 1743 1799 Europae

115 1816 288 1864 propriae:
329 1816 443 1851 Geum
469 1814 661 1861 hispidum,
695 1815 740 1849 G.
769 1814 883 1858 molle,
916 1813 961 1848 G.
980 1813 1231 1861 pyrenffcum,
1265 1813 1309 1848 G.
1336 1813 1562 1856 inclinatum,
1598 1813 1641 1848 G.
1660 1812 1742 1859 pal-

115 1876 244 1917 lidum,
283 1875 327 1910 G.
356 1874 576 1923 rubzfoffium,
616 1874 660 1910 G.
691 1873 968 1919 micropetalnm,
1002 1873 1045 1908 G.
1078 1878 1235 1919 reptans,
1276 1873 1319 1909 G.
1347 1878 1556 1907 montanum
1591 1871 1658 1920 (G.
1687 1878 1742 1919 ty-

114 1935 247 1971 rolense
274 1938 309 1969 et
336 1934 452 1969 minus
481 1932 626 1979 cognita
662 1933 706 1968 G.
734 1932 926 1972 robustum,
960 1931 1004 1966 G.
1031 1932 1233 1966 umbrosum
1259 1934 1295 1966 et
1325 1932 1369 1967 G.
1395 1930 1571 1977 incisum).

267 2010 308 2045 In
341 2010 432 2045 Asia
470 2011 515 2045 15
550 2007 708 2055 species,
739 2019 886 2054 quarum
913 2007 995 2042 huic
1021 2007 1115 2053 parti
1143 2006 1240 2042 orbis
1264 2010 1439 2042 terrarum
1470 2005 1644 2052 propriae:
1697 2007 1742 2041 G.

115 2071 298 2111 ibericum,
331 2070 375 2105 G.
403 2070 617 2116 hyrcanum,
650 2068 695 2102 G.
725 2068 854 2102 elatum
881 2070 916 2102 et
946 2066 990 2103 G.
1019 2066 1201 2101 adnatum.

270 2145 312 2181 In
339 2145 469 2194 Africa
498 2145 518 2178 2
547 2143 704 2190 speeies,
734 2154 883 2189 quarum
917 2143 960 2178 G.
988 2155 1131 2189 capense
1160 2145 1216 2177 est
1239 2141 1320 2177 huic
1339 2140 1433 2188 parti
1453 2140 1550 2176 orbis
1569 2144 1743 2175 terrarum

116 2216 309 2253 proprlum.

270 2273 311 2308 In
339 2272 507 2307 America
536 2273 582 2306 22
612 2270 770 2317 speeies,
800 2280 947 2316 quarum
976 2268 1033 2303 hae
1060 2270 1142 2303 sunt
1167 2265 1346 2302 Americae
1370 2264 1643 2313 septentrionali
1661 2276 1743 2312 pro-

117 2333 225 2380 priae:
260 2332 304 2367 G.
333 2332 464 2372 album,
499 2332 542 2368 G.
572 2330 855 2378 ayrimonioz'deS‚
889 2328 932 2363 G.
961 2327 1218 2373 vityivziavmm,
1254 2326 1298 2362 G.
1328 2337 1548 2372 oreqonense‚
1582 2325 1625 2360 G.
1641 2325 1743 2371 yeni-

119 2393 289 2432 culmum,
322 2392 366 2427 G.
393 2392 583 2438 trz'florum,
620 2390 664 2425 G.
693 2387 888 2428 radiatum,
922 2387 966 2422 G.
993 2386 1128 2426 Peclcizss
1163 2385 1206 2420 G.
1237 2385 1479 2433 calthifhlium,
1515 2385 1559 2421 G.
1582 2397 1745 2426 vernum,

120 2462 269 2498 quarum
303 2461 389 2486 vero
423 2449 603 2485 Amerieae
631 2447 781 2483 australi
815 2446 985 2493 propriae:
1033 2445 1077 2480 G.
1099 2445 1348 2492 parvfflorum.
1396 2444 1440 2479 G.
1470 2443 1745 2485 involucratmn,

126 2511 171 2546 G.
198 2510 359 2551 chile‘nse,
392 2509 436 2544 G.
465 2508 714 2544 aurantiaczmz
731 2505 790 2554 (Ῥ).
