2134 3034
415 179 439 212 4
986 169 1030 205 N.
1058 167 1143 204 ι1011.
1172 166 1357 211 SGHEUTZ,

529 276 611 313 Hoc
652 284 768 321 genus
806 276 929 320 patres
968 269 1214 306 botanicorum
1261 267 1591 315 Caryophyllatam,
1627 253 1682 301 ab⁸
1706 264 1816 301 odore
1856 265 1991 302 radicis

366 338 514 382 dictam,
544 346 624 382 quae
668 332 808 369 vernali
851 335 1013 377 tempore
1041 332 1142 364 eruta
1167 327 1451 375 Oaryophyllum
1477 324 1711 361 aromaticum
1736 325 1885 370 referat,
1914 326 1991 373 ple-

365 407 513 444 rumque
554 393 804 441 appellabant3
851 389 945 437 quod
984 399 1113 425 nomen
1158 387 1330 423 Linnaeus
1367 385 1509 432 reJecit,
1546 388 1742 420 commotus
1775 384 1990 431 rationibus,

367 467 458 503 quas
484 455 521 490 in
548 453 663 489 Horto
692 449 917 488 Cliffortiano
946 452 981 484 et
1006 447 1097 483 flora
1123 446 1336 493 Lapponica
1364 444 1568 492 explicavit.

533 513 659 550 Genus
703 509 847 546 servavi
884 508 1078 554 integrum,
1120 506 1270 542 inclusis
1312 505 1490 540 Sieversiis
1532 507 1567 539 et
1601 502 1789 550 Stylipode.
1843 502 1992 548 Negare

365 579 486 611 tamen
512 573 610 617 nolo,
640 571 868 607 characteres
897 567 1090 611 exsistere,
1120 566 1248 613 quibus
1276 576 1391 611 genus
1412 563 1572 600 Georum
1590 563 1626 597 in
1645 561 1714 597 tria
1734 560 1992 608 distinguatur3

367 633 534 682 quoniam
566 642 667 676 vero,
703 630 918 665 observante
951 626 1118 671 Linnaeo,
1153 635 1269 671 genus
1302 623 1401 659 dabit
1435 624 1679 659 characterem
1706 631 1773 655 nec
1806 620 1993 656 character

367 704 500 740 genus,
538 689 742 727 auctoribus
775 686 949 723 Hookero
981 689 1017 721 et
1049 684 1227 720 Bentham
1263 683 1431 730 aliisque,
1468 681 1670 719 Sieversias
1705 682 1740 714 et
1767 678 1992 726 Stylipodem

368 764 448 789 cum
479 751 571 787 Geis
599 747 777 795 conjunxi.
805 746 991 782 Praeterea
1018 745 1050 781 si
1078 743 1270 781 Sieversiae
1298 746 1520 790 separantur,
1550 740 1711 788 Stylipus
1740 737 1993 786 distinguatur,

367 822 520 848 necesse
549 813 614 845 est.
648 807 768 844 Unica
795 805 998 841 differentia
1024 804 1117 839 inter
1146 802 1264 839 Geum
1293 806 1329 838 et
1355 802 1574 839 Sieversiam
1594 809 1677 837 esse
1696 802 1852 840 videtur:
1874 801 1994 837 Geum

367 872 503 907 habere
531 868 646 916 stylos
671 865 878 902 articulatos
905 868 940 900 et
967 862 1185 900 Sieversiam
1213 861 1398 897 continuos
1428 861 1513 910 (non
1539 862 1780 910 articulatos);
1810 873 1890 909 quae
1917 859 1992 908 qui-

369 931 451 966 dem
477 933 564 965 nota
590 938 661 963 non
686 925 775 961 tanti
800 928 871 969 est,
898 928 936 959 ut
963 934 1020 959 me
1043 921 1168 969 judice
1195 920 1242 956 ad
1268 932 1405 967 genera
1434 920 1690 967 distinguenda
1714 923 1844 958 valeat.
1902 919 1996 968 styli

369 990 446 1026 sive
474 985 670 1035 geniculati
697 985 774 1021 sive
802 982 961 1019 continui
986 984 1138 1029 possunt
1165 991 1247 1016 esse
1275 985 1311 1016 et
1337 980 1445 1028 pilosi
1473 984 1508 1016 et
1534 980 1667 1027 glabri,
1691 985 1731 1017 ut
1755 980 1948 1018 Sieversiae
1976 990 1998 1014 a

371 1048 462 1086 Geis
489 1058 560 1082 non
589 1046 847 1092 dignoscantur
875 1042 979 1090 stylis
1007 1040 1191 1088 plumosis.

536 1106 595 1143 De
624 1104 796 1140 affinitate
825 1102 987 1149 generis,
1009 1099 1104 1147 quod
1132 1099 1311 1146 quaeritur,
1341 1099 1419 1134 haec
1437 1110 1555 1146 pauca
1574 1099 1703 1135 afferre
1721 1100 1840 1136 liceat.
1870 1099 1998 1136 Genus

372 1168 547 1211 Georum,
568 1165 663 1212 quod
682 1163 838 1212 pertinet
857 1162 903 1197 ad
921 1160 1093 1197 familiam
1109 1159 1372 1204 Rosacearum,
1388 1158 1550 1206 proxime
1570 1159 1711 1194 accedit
1730 1160 1776 1195 ad
1791 1159 1980 1207 Dryadem
1992 1186 2000 1199 ‚

371 1229 411 1264 F
408 1227 577 1275 alluyz‘am
604 1228 639 1261 et
665 1223 886 1262 Carmaniam,
902 1232 982 1267 quae
1001 1230 1124 1255 omnes
1143 1219 1237 1266 stylis
1257 1218 1464 1266 Zonyissz'mis
1478 1219 1648 1266 plumosis
1667 1219 1830 1267 gaudent.
1871 1218 1999 1255 Genus

371 1286 534 1334 Dryadis
569 1296 591 1320 a
623 1294 757 1331 genere
789 1281 949 1318 Georum
983 1278 1089 1315 modo
1124 1278 1260 1326 calycis
1286 1278 1427 1314 laciniis
1457 1280 1553 1314 8—9
1583 1279 1783 1325 aequalibus
1811 1278 1889 1314 sine
1915 1278 1998 1314 bra-

372 1345 499 1382 cteolis
527 1344 656 1380 differt.
709 1342 790 1378 Hoc
822 1340 932 1386 igitur
965 1350 985 1374 e
1019 1338 1212 1384 generibus
1244 1337 1434 1384 Europaeis
1461 1337 1658 1385 proximum
1689 1342 1745 1374 est
1773 1337 1863 1374 Geo.
1916 1324 1999 1373 Non

373 1405 518 1441 dubium
558 1407 626 1449 est,
669 1401 752 1449 quin
786 1399 931 1446 longius
966 1397 1100 1433 distent
1130 1397 1321 1444 magisque
1356 1396 1523 1432 differant
1558 1397 1806 1443 Waldstaim'a,
1840 1396 2002 1438 Colurz'a,

372 1463 570 1512 Frayaria,
605 1460 796 1496 Potentilla
829 1463 865 1494 et
903 1457 1210 1498 Chanzoerrhodus,
1246 1468 1324 1502 quae
1359 1467 1483 1492 Omnes
1510 1457 1607 1504 stylis
1627 1464 1708 1505 post
1735 1457 1895 1492 anthesin
1927 1469 2001 1491 ‘non

373 1523 539 1571 elonyatz's
566 1521 835 1568 dignoscuntur.
895 1517 1143 1564 Cer-coeamus,
1171 1515 1267 1563 quod
1295 1527 1427 1562 genus,
1456 1520 1494 1551 ut
1521 1516 1627 1552 etiam
1648 1515 1839 1562 Oowania,
1859 1516 2001 1563 Dryas,

372 1582 544 1628 Fallugia
578 1584 613 1616 et
647 1579 780 1624 Geum,
815 1577 925 1613 habet
956 1577 1058 1624 stylos
1086 1582 1164 1624 post
1198 1577 1357 1611 anthesz'n
1390 1576 1563 1623 elonyatos
1596 1587 1695 1622 saepe
1730 1577 1915 1623 plumosos
1942 1573 2002 1610 vel

375 1641 618 1690 geniculatos,
647 1639 789 1674 defectu
816 1647 956 1684 quoque
984 1635 1185 1683 petalorum
1213 1639 1248 1671 et
1276 1635 1433 1682 carpello
1460 1646 1530 1670 uno
1559 1634 1706 1670 recedit.

844 1696 927 1732 Hoc
953 1694 1059 1731 modo
1087 1706 1224 1740 genera
1251 1694 1522 1741 distinguenda:

382 1761 570 1802 Cowanz'a,
598 1757 770 1805 Carpella
803 1757 943 1798 5—12,
980 1754 1084 1802 stylis
1115 1754 1340 1801 longissimis
1374 1753 1560 1801 plumosis.
1613 1752 1796 1798 Frutices,
1824 1751 1919 1787 foliis
1947 1762 2005 1787 cu-

597 1817 730 1862 neatis,
759 1816 907 1851 floribus
935 1814 1116 1850 solitariis.

382 1879 513 1924 Gema,
594 1876 767 1924 Carpella
787 1876 851 1919 OO,
881 1873 1105 1920 carpophoro
1140 1873 1282 1908 elevato
1314 1872 1467 1918 inserta,
1496 1871 1601 1920 stylis
1628 1870 1870 1907 mediocribus
1897 1868 2007 1905 rectis

601 1935 661 1971 vel
688 1933 920 1981 geniculatis,
946 1932 1101 1979 glabris,
1128 1932 1256 1979 pilosis
1284 1931 1343 1966 vel
1370 1931 1519 1967 villosis.
1572 1931 1724 1972 Herbae,
1752 1929 1848 1966 foliis
1875 1929 2002 1976 pinna-

601 1994 780 2041 tipartitis.

379 2058 523 2105 Dryas,
595 2053 768 2100 Carpella
790 2053 855 2096 OO,
881 2050 985 2098 stylis
1005 2049 1229 2096 longissimis
1249 2049 1434 2096 plumosis.
1489 2049 1716 2095 Suffrutices,
1747 2047 1844 2084 foliis
1872 2046 2008 2094 simpli-

600 2113 717 2158 cibus,
748 2111 868 2158 scapis
893 2109 1065 2145 uuifloris.

378 2175 565 2223 Falluyz'a,
593 2172 764 2219 Carpella
797 2172 861 2216 00,
900 2168 1059 2213 sessilia,
1099 2168 1205 2216 stylis
1239 2168 1465 2214 longissimis
1492 2167 1678 2215 plumosis.
1731 2166 1883 2211 Frutex,
1909 2164 2008 2201 foliis

595 2231 749 2278 integris
775 2230 835 2266 vel
859 2228 1008 2274 Iobatis,
1036 2227 1185 2263 floribus
1212 2227 1438 2274 paniculatis.

904 2397 1161 2436 GENERIS
1187 2396 1482 2433 HISTORIA.

549 2495 733 2533 Graeciam
765 2493 864 2529 illam
900 2496 935 2528 et
966 2492 1118 2528 Romam
1151 2491 1267 2526 cultus
1296 2489 1410 2526 omnis
1439 2493 1474 2524 et
1500 2489 1748 2534 humanitatis,
1778 2500 1848 2536 qua
1874 2487 2012 2535 pollent

376 2556 518 2604 jamdiu
545 2559 674 2603 gentes
701 2554 910 2600 Europaeae,
935 2551 1072 2599 patrias
1106 2561 1188 2586 esse
1217 2549 1324 2586 sedes
1355 2560 1397 2584 ac
1421 2548 1518 2584 velut
1540 2548 1773 2595 incunabula,
1802 2558 1907 2583 nemo
1936 2549 2009 2592 est,
