2134 3034
416 232 435 265 [ὓ

973 226 1007 263 J.
1036 227 1077 261 E.
1108 227 1387 268 ZETTERSTEDT,

519 330 691 377 B1¹gs‹·ccee:e
718 329 890 373 vulgares
918 327 954 362 in
983 326 1163 363 Oelandia
1190 332 1272 363 sunt
1300 328 1396 363 circa
1429 330 1494 370 40,
1530 327 1677 362 dimidia
1709 339 1794 373 pars
1830 340 1992 362 (comear-

357 391 465 437 fflcce,
494 388 642 423 dimidia
670 387 931 433 clccdocmpz'ccffl
959 396 1106 431 quarum
1134 386 1317 432 pleraeque
1341 397 1405 432 per
1432 386 1603 431 majorem
1630 388 1768 431 partem
1796 384 1992 421 scandina-

366 448 435 482 viae
470 447 666 492 divulgatae
700 449 795 489 sunt,
829 444 1008 479 nonnullis
1044 445 1222 490 exceptis,
1256 455 1336 490 quae
1365 444 1478 479 solum
1508 443 1709 478 calcareum
1737 448 1872 487 amant,
1902 456 1933 479 v.
1963 456 1991 480 c.

365 506 572 552 Encalgspta
612 511 857 550 streptocarpa.
924 502 1007 537 Duo
1048 506 1184 537 tantum
1225 502 1396 550 Splzagyna
1437 502 1555 547 magis
1601 501 1766 547 dispersa
1808 507 1890 537 sunt
1929 514 1994 549 per

366 563 596 606 Oelandiam,
627 562 726 597 nulla
762 572 849 596 vero
883 560 1026 607 species
1059 561 1340 607 Hepatz'cczrum‚
1372 560 1444 595 nisi
1471 560 1620 594 Rodum
1648 561 1886 606 complanata,
1915 572 1995 606 quae

366 622 493 657 saltem
528 621 563 655 in
597 620 778 656 Oelandia
817 618 938 654 media
976 622 1033 654 sat
1070 619 1233 664 vulgaris
1276 623 1339 653 est.
1393 618 1496 653 Multi
1536 618 1650 653 11111301
1682 618 1754 653 rari
1794 622 1918 653 contra
1958 619 1995 653 in

367 679 547 716 Oelandia
580 678 826 722 inveniuntur,
865 677 956 712 inter
991 688 1080 723 quos
1115 681 1252 723 septem
1287 677 1447 723 species,
1473 676 1628 711 nondum
1658 680 1826 722 quantum
1855 677 1930 711 scio
1958 681 1996 711 ut

366 737 633 773 scandinavicae
660 740 886 781 melnoratae,
916 736 1055 771 scilicet
1093 735 1237 770 Weissz'a
1264 736 1517 782 anzblyplzylla,
1552 735 1785 782 Campylopus
1810 736 1993 782 towfacezc5‚

368 797 535 831 Barbula
562 796 752 835 inclinata,
782 795 926 842 Bryum
953 794 1085 834 Jackiz‘,
1113 795 1422 829 IIonzaZotlzecz'um
1442 794 1735 840 Philippecmum,
1757 793 1995 840 Rlzgsnclzoste-

361 856 462 902 [sium
490 854 803 901 megyapolz'tccmcm‚
831 853 1014 900 fisypnum
1042 853 1240 888 Sendz‘nerz‘.
1295 851 1473 896 Quattuor
1498 852 1623 886 harum
1657 851 1914 887 fructificantes
1942 863 1996 887 re—

365 918 479 960 pertae
506 917 604 957 sunt,
633 916 706 946 tres
733 915 867 946 tantum
896 911 1048 946 steriles.
1113 910 1260 945 Weissz'a
1288 911 1542 958 amblyplzylla,
1573 911 1806 958 Campylopus
1828 911 1998 958 toofczceus

367 976 403 1007 et
437 970 754 1019 Rhynchosteyimn
790 970 1085 1016 meyapolitcmwn
1120 969 1211 1004 locis
1244 969 1359 1004 unicis
1394 980 1503 1014 parce
1538 974 1691 1014 repertae
1728 973 1827 1014 sunt,
1855 969 1920 1004 sed
1942 981 1996 1004 re-

365 1031 474 1077 liquae
502 1033 666 1076 quattuor
694 1027 854 1075 pluribus
881 1027 972 1063 locis
992 1031 1196 1070 occurrunt,
1216 1027 1399 1073 praecipue
1422 1028 1583 1061 Barbula
1601 1028 1788 1070 inclinata,
1813 1027 1888 1062 suis
1907 1027 1998 1063 locis

367 1089 513 1137 copiose
548 1089 749 1123 observata.
802 1086 901 1121 Inter
935 1087 982 1121 42
1017 1086 1213 1132 Hepcctz'cas
1247 1085 1344 1120 nulla
1373 1085 1514 1131 species
1543 1085 1797 1121 Scandinaviae
1823 1097 1918 1121 nova
1944 1086 1997 1121 in-

365 1148 515 1183 venitur.
571 1146 738 1182 Sauterz'a
770 1145 915 1192 hyalincz
949 1145 985 1179 in
1019 1144 1157 1179 Hartm.
1191 1143 1222 1178 F
1225 1143 1247 1177 l.
1275 1155 1346 1179 non
1388 1144 1498 1179 allata
1530 1148 1599 1187 est,
1642 1144 1707 1179 sed
1740 1145 1775 1179 in
1816 1143 1998 1180 Oelandia

366 1217 459 1242 anno
490 1207 586 1241 1855
613 1216 634 1240 a
660 1204 867 1250 professore
896 1202 931 1238 S.
960 1202 1148 1247 Lindberg
1176 1201 1321 1248 copiose
1350 1202 1502 1237 collecta
1529 1206 1584 1237 031
1603 1203 1886 1249 etpraetereain
1907 1203 1998 1239 Got-

365 1264 489 1300 landia
514 1264 670 1298 inventa.
724 1261 868 1307 Reliqui
894 1261 1009 1296 musci
1034 1260 1189 1295 rariores
1219 1259 1408 1296 Oelandiae
1437 1260 1555 1307 quoad
1589 1262 1761 1307 majorem
1795 1266 1934 1308 partem
1961 1261 1998 1297 in

367 1321 565 1359 Gotlandia
592 1321 831 1367 reperiuntur,
860 1332 891 1355 v.
921 1332 950 1355 c.
985 1320 1279 1367 Gymnostomurn
1308 1326 1424 1360 tenue,
1452 1319 1602 1354 Anodus
1629 1320 1840 1361 Donamus,
1860 1321 1998 1355 Euola-

367 1381 466 1417 dz'mn
492 1381 752 1420 vertzbillatum,
787 1379 953 1413 Barbula
980 1378 1218 1426 recztrvzfolz'co,
1253 1378 1573 1425 Rlzynclwstegyium
1606 1379 1786 1419 tenellum,
1818 1379 1999 1426 Hypmcm

367 1447 562 1487 tumescens
590 1450 619 1474 0.
646 1438 693 1485 pl.
723 1442 757 1472 et
783 1437 943 1472 nonnulli
970 1437 1064 1471 intra
1089 1435 1342 1472 Scandinaviae
1369 1437 1458 1471 fines
1484 1436 1728 1471 tantummodo
1755 1437 1891 1472 inventi
1917 1441 1999 1473 sunt

366 1499 404 1534 in
440 1497 620 1534 Oelandia
653 1500 688 1532 et
727 1495 939 1540 Gotlandia,
981 1499 1019 1530 ut
1064 1495 1101 1529 T
1098 1496 1343 1530 richostommn
1382 1495 1562 1539 mutabile,
1610 1495 1780 1530 Funarz'a
1823 1497 1999 1537 calcarea,

368 1556 644 1607 Em‘lzynclzz’zqm
676 1555 887 1590 striatulzmz.
940 1553 1011 1588 Hae
1039 1564 1163 1588 01111103
1198 1553 1381 1589 calcicolae
1409 1557 1500 1588 sunt.
1555 1552 1594 1588 si
1627 1552 1826 1589 Gotlandia
1854 1565 1998 1589 accura-

367 1615 439 1650 tius
474 1615 675 1661 explorata,
708 1613 794 1648 mihi
834 1623 907 1647 11011
948 1611 1092 1646 dubium
1131 1616 1186 1647 est
1225 1612 1309 1657 quin
1350 1623 1473 1647 omnes
1507 1612 1582 1646 fere
1613 1611 1686 1647 rari
1720 1613 1834 1647 musci
1866 1612 1999 1649 Oelan-

369 1674 439 1708 diae
476 1674 525 1709 ibi
562 1673 801 1717 invenientur,
845 1681 1059 1717 quamquam
1096 1665 1373 1717 ‘Eurhynchz'wn
1426 1669 1612 1710 machari,
1653 1671 1768 1705 Eurh.
1807 1672 1998 1707 crassivner-

369 1733 482 1773 vium,
519 1731 839 1779 Rlzynclzosteyium
870 1730 1008 1764 murale
1042 1740 1071 1764 c.
1100 1728 1147 1774 pl.
1182 1728 1338 1763 nondum
1373 1728 1408 1762 in
1443 1727 1656 1773 Gotlandia,
1701 1732 1870 1775 quantum
1905 1729 1998 1772 scio,

370 1791 512 1827 collecti
537 1790 617 1826 sint.
672 1788 788 1833 Quum
816 1788 853 1823 iu
880 1787 1052 1834 praesenti
1076 1786 1210 1821 nullam
1238 1786 1543 1821 enumerationem
1572 1787 1841 1833 completiorem
1861 1799 2000 1823 11111300-

370 1862 447 1886 1·11111
480 1847 688 1885 Gotlandiae
721 1847 935 1889 habeamus,
965 1856 1036 1879 non
1062 1844 1095 1879 is
1122 1856 1217 1888 sum,
1247 1845 1307 1890 qui
1335 1845 1640 1891 comparationem
1676 1838 1872 1893 specialem
1907 1846 2000 1881 inter

368 1909 435 1944 has
464 1908 554 1943 duas
581 1906 719 1941 insulas
745 1905 899 1940 balticas
927 1914 1121 1950 exponam3
1151 1903 1215 1949 sed
1242 1902 1371 1949 partim
1400 1903 1706 1948 explorationibus
1735 1909 1769 1939 01
1797 1904 2002 1950 cognitione

369 1966 481 2002 nostri
508 1964 577 2000 aevi
605 1964 649 1999 de
678 1962 875 1999 Grotlandia
901 1962 1062 2005 innixus,
1092 1961 1292 2007 partimque
1321 1961 1526 2006 cognitione
1557 1973 1638 1997 mea
1673 1962 1841 2009 speciali,
1875 1974 1998 1998 excur-

370 2025 530 2061 sionibus
558 2021 779 2069 bryologicis
806 2032 870 2067 per
898 2023 978 2055 octo
1006 2019 1084 2054 (1103
1112 2030 1206 2054 anno
1236 2021 1333 2055 1860
1362 2019 1507 2066 adepta,
1537 2019 1716 2055 affirmare
1744 2021 1876 2067 audeo,
1907 2020 1997 2057 Grot-

369 2083 527 2119 landiam
575 2080 682 2115 etiam
723 2079 887 2114 ditiorem
934 2077 1068 2113 muscis
1114 2077 1297 2112 calcicolis
1339 2089 1422 2113 esse
1463 2089 1568 2124 quam
1611 2077 1835 2114 Oelandiam.
1902 2080 2000 2115 Non-

369 2141 457 2177 nulli
490 2150 575 2175 vero
609 2138 738 2182 musci,
774 2137 833 2183 qui
867 2137 902 2171 in
939 2134 1119 2171 Oelandia
1146 2139 1283 2170 tantum
1312 2141 1478 2171 crescunt
1505 2136 1550 2171 ad
1579 2148 1669 2171 saxa
1697 2138 1851 2173 erratica
1880 2139 2000 2184 grani-

369 2199 503 2242 toidea,
533 2201 570 2232 ut
602 2197 783 2232 Grimmia
817 2194 1000 2238 Schulczz'z’,
1043 2193 1107 2230 Gr.
1141 2195 1385 2241 triclzoplzylla,
1429 2194 1492 2230 Gr.
1528 2202 1756 2240 commuta-ca,
1792 2197 2002 2232 Dico-anum

373 2257 606 2305 Zowzgyzjfolimn,
633 2255 671 2290 in
699 2253 897 2291 Gotlandia
924 2253 1081 2288 fortasse
1111 2252 1252 2287 omnino
1282 2252 1420 2287 desunt.

525 2314 565 2351 Si
590 2313 856 2359 vegetationem
883 2310 1137 2357 respiciamus,
1166 2311 1298 2356 optime
1326 2310 1411 2345 mihi
1438 2309 1577 2345 videtur
1605 2309 1818 2346 Oelandiam
1839 2311 2000 2348 dividere

372 2374 408 2409 in
426 2378 501 2409 tres
519 2376 658 2419 partes,
679 2371 818 2407 30111001
837 2369 1047 2411 australem,
1069 2368 1223 2404 mediam
1243 2373 1279 2404 et
1297 2368 1490 2403 borealem.
1505 2390 1556 2395 --
1577 2367 1777 2404 OELANDIA
1796 2378 2000 2406 AUSTRALIS

370 2431 565 2477 porrigitur
604 2441 626 2465 a
662 2428 905 2476 promontorio
947 2426 1136 2463 Oelandiae
1169 2427 1324 2461 maxime
1360 2426 1585 2462 meridionali
1624 2438 1738 2472 usque
1776 2427 1822 2462 ad
1862 2431 2001 2474 partem

372 2489 642 2524 meridionalem
677 2487 849 2534 paroeciae
886 2484 1117 2521 Thorslunda
1152 2488 1187 2519 et
1221 2483 1268 2519 ad
1300 2485 1391 2520 fines
1425 2485 1724 2531 septentrionales
1761 2485 2000 2531 paroeciarum
