2134 3034
453 189 500 223 30
1031 187 1074 223 N.
1102 186 1126 223 J
1129 196 1187 223 011.
1216 186 1400 233 Scnnurz,

552 290 581 330 ὁ)
606 291 645 320 G.
671 290 834 320 hirsutum
858 289 945 320 Ilort.
967 290 1040 320 Par.
1063 289 1148 320 foliis
1174 289 1319 321 omnibus
1348 290 1613 332 pinnatipartitis,
1643 290 1773 322 floribus
1801 292 1975 334 majoribus
1999 296 2031 324 et

402 342 494 372 caule
519 341 689 372 hirsutiore
713 351 732 372 a
755 341 857 372 forma
880 341 1032 382 primaria
1057 340 1172 372 differt.
1218 340 1266 371 Ex
1291 340 1379 372 horto
1402 342 1506 373 Paris.
1531 342 1645 374 introd.
1670 342 1701 373 in
1725 341 1807 375 hort.
1824 343 1905 385 Ups.
1928 343 2029 384 (herb.

401 392 521 432 Fures)
542 396 582 428 (V.
608 398 654 428 5.).

551 452 577 491 ε)
600 452 637 482 In
662 451 762 482 hortis
787 455 882 483 enata
906 452 1007 483 forma
1030 450 1165 492 hybrida
1192 451 1229 482 G.
1254 451 1354 483 stricti
1379 455 1410 483 et
1440 452 1565 494 urbani,
1595 463 1665 493 quae
1695 454 1797 484 Geum
1818 455 1967 493 spurium
1992 453 2027 485 C.

401 503 438 534 A.
464 502 584 543 Meyer.
631 503 680 533 Ex
704 503 742 533 H.
768 503 847 543 Ups.
871 503 903 534 in
928 502 1016 533 herb.
1042 503 1149 534 Fines
1174 504 1215 543 (v.
1240 506 1287 544 s.).

549 562 664 593 Planta
696 562 839 598 robusta,
870 562 967 593 ramis
997 562 1155 602 elongatis
1186 563 1414 594 erectiusculis.
1468 563 1577 595 Caulis
1609 563 1764 604 hirsutus,
1796 564 2025 605 lii-tripedalis,

399 617 541 653 erectus,
567 623 630 644 una
654 623 723 644 cum
749 613 875 654 petiolis
901 614 1086 653 plerumque
1110 613 1268 654 hirsutus,
1291 614 1358 645 fere
1382 614 1422 645 ab
1447 614 1510 646 ima
1540 615 1610 646 basi
1640 615 1781 647 foliosus.
1827 615 1918 646 Folia
1942 615 2026 647 radi-

398 665 481 696 calia
514 665 849 705 lyrato-pinnatisecta
885 665 934 696 vel
969 665 1145 705 interrupte
1180 665 1439 706 pinnatipartita3
1479 666 1604 697 laciniae
1639 667 1790 698 laterales
1826 667 2026 698 cuneiformi-

398 716 561 756 obovatze,
587 716 818 747 inciso-lobatae
843 720 1061 757 serratfequae,
1089 720 1249 756 sex-octo,
1275 717 1466 757 inaequales,
1491 717 1647 748 interdum
1674 718 1761 749 vario
1786 718 1879 749 modo
1904 718 2026 750 dissec-

397 770 451 807 tae,
477 767 594 799 lacinia
619 768 796 799 terminalis
819 768 959 799 maxima
984 768 1179 809 reniformis3
1204 768 1279 800 folia
1304 769 1431 800 caulina
1456 769 1683 809 pinnatisecta,
1709 770 1894 810 plerumque
1911 770 2026 811 tripar-

396 819 470 858 tita,
498 819 600 849 rarius
624 819 753 861 triloba,
771 819 897 851 laciniis
915 820 1065 860 ellipticis
1084 819 1282 859 oblongisve.
1330 819 1461 860 Stipulae
1478 824 1594 857 ovatae,
1611 821 1731 852 incisae.
1779 821 1891 853 Flores
1909 822 2024 862 erecti,

396 869 487 909 lutei,
520 871 694 911 numerosi,
726 870 884 902 interdum
914 871 1096 912 majusculi,
1127 871 1311 912 plerumque
1341 872 1562 912 magnitudine
1591 872 1701 903 florum
1727 872 1905 904 Ranunculi
1929 873 2024 904 acris.

396 921 510 952 Petala
535 922 786 963 suborbiculata,
812 922 882 953 basi
907 922 1087 954 rotundata.
1135 922 1284 963 Cal-pella
1319 923 1385 954 basi
1418 923 1502 964 pube
1534 923 1707 965 adpressa,
1736 924 1829 964 apice
1852 924 1925 965 pilis
1949 924 2024 964 rigi-

396 973 446 1004 dis
470 974 639 1013 instructa.;
666 974 766 1004 arista
794 974 906 1014 glabra
936 974 1002 1005 fere
1032 974 1231 1014 longitudine
1260 974 1335 1015 styli
1365 975 1578 1015 eglandulosi.
1626 975 1871 1016 Carpophorum
1895 976 2023 1007 subses-

395 1025 469 1062 silc,
495 1024 568 1065 pilis
595 1025 796 1056 brevissimis
823 1024 924 1056 dense
948 1026 1144 1066 pubescens,
1169 1025 1370 1067 sphaericum.

547 1094 619 1124 Obs.
650 1094 675 1124 l.
722 1093 814 1124 Hanc
838 1094 980 1134 plantam
1008 1094 1144 1134 Scringe
1168 1094 1199 1125 in
1223 1094 1301 1125 Dec.
1323 1094 1434 1126 Prodr.
1460 1095 1518 1126 sub
1542 1094 1643 1126 tribus
1667 1093 1846 1125 nominibus
1870 1096 1909 1125 G.
1926 1105 2024 1125 cana-

394 1145 496 1179 densi,
536 1145 576 1174 G.
600 1145 785 1175 intermedio
821 1149 851 1175 et
889 1145 924 1177 G.
951 1146 1183 1176 ranmzculoicle
1217 1145 1403 1186 descripsit,
1441 1155 1511 1186 quae
1546 1149 1653 1177 tamen
1683 1156 1778 1177 unam
1808 1146 1950 1187 speciem
1982 1146 2020 1178 G.

394 1197 542 1226 stov-ictum
571 1195 633 1226 Ait.
665 1196 848 1237 respiciunt.
896 1196 944 1227 Ab
975 1198 1158 1229 auctoribus
1190 1198 1262 1229 aliis
1298 1197 1369 1228 aliis
1405 1197 1462 1228 sub
1500 1197 1695 1235 nominibus,
1727 1201 1759 1228 ut
1787 1207 1804 1228 e
1829 1198 2022 1239 synonymia

394 1250 496 1287 patet,
529 1247 741 1287 descriptum⁷
771 1247 830 1278 sed
860 1249 911 1279 vel
941 1249 1023 1279 male
1054 1252 1149 1289 atque
1178 1249 1364 1290 imperfecte
1393 1248 1556 1289 cognitum
1588 1249 1638 1280 vel
1662 1259 1733 1280 cum
1757 1249 1830 1281 aliis
1855 1250 2022 1281 confusum

392 1302 427 1329 ut
450 1308 519 1329 eum
545 1300 609 1329 Geo
633 1300 758 1340 hispido
782 1299 890 1341 Fries,
916 1299 1000 1340 quod
1024 1303 1129 1331 tamen
1155 1300 1433 1332 distinctissimum
1458 1309 1586 1332 censeo.
1632 1301 1681 1332 Ab
1703 1300 1852 1332 affinibus
1872 1302 1912 1333 G.
1929 1303 2022 1332 stric-

394 1355 461 1380 tum
484 1349 580 1381 facile
605 1349 812 1390 distinguitur
824 1352 944 1390 petalis
961 1353 1070 1383 aureis
1088 1353 1402 1389 ovato-orbiculatis,
1419 1352 1489 1382 basi
1502 1353 1688 1383 rotundatis
1704 1353 1779 1392 (non
1797 1353 1963 1394 cuneatis).
1979 1371 2022 1376 —

393 1402 440 1432 Re
465 1411 541 1432 vera
570 1401 643 1432 hinc
673 1403 738 1432 (ἔσο
760 1404 928 1444 japonioo,
959 1413 1021 1444 quo
1050 1404 1217 1445 gracilius,
1248 1404 1335 1436 illine
1359 1405 1400 1436 G.
1425 1405 1566 1445 hispido,
1596 1403 1647 1435 vel
1671 1404 1809 1441 urbano,
1835 1404 1947 1445 quibus
1971 1415 2021 1437 ro-

393 1452 532 1492 bustius,
558 1452 654 1483 affine
679 1453 812 1484 videtur.

546 1513 617 1544 obs.
645 1513 673 1544 2.
720 1514 869 1545 Plurimis
894 1515 1120 1555 speciminibus
1145 1518 1176 1545 et
1199 1514 1308 1545 formis
1330 1524 1393 1545 non
1419 1515 1628 1555 comparatis,
1657 1514 1896 1547 characteribus
1926 1516 2020 1548 modo

392 1564 564 1604 respectis,
589 1564 649 1596 1100
674 1567 812 1597 maxime
836 1570 982 1607 proteum
1007 1576 1046 1597 ex
1072 1566 1149 1598 Geis
1173 1566 1307 1607 quisque
1331 1566 1426 1598 facile
1447 1566 1569 1598 dividet
1585 1566 1616 1597 in
1634 1566 1742 1607 plures
1760 1568 1897 1608 species.
1935 1568 2021 1599 Lon-

392 1616 481 1656 giore
506 1626 581 1647 vero
606 1620 637 1647 et
662 1617 806 1649 uberiore
830 1617 1031 1659 experientia
1054 1618 1166 1649 doctus
1190 1617 1326 1659 videbit,
1351 1617 1411 1649 has
1436 1627 1548 1649 omnes
1579 1617 1661 1649 inter
1690 1627 1725 1649 se
1754 1621 1820 1649 tam
1844 1617 2019 1652 dissimiles

391 1668 510 1699 formas
535 1667 621 1699 haud
645 1668 740 1700 dubie
763 1669 923 1710 pertinere
947 1669 988 1700 ad
1013 1679 1107 1701 unam
1132 1671 1281 1711 speciem.

543 1730 614 1759 Obs.
638 1730 666 1760 3.
715 1730 814 1761 Geram
839 1731 1013 1767 mamiense
1036 1733 1086 1761 est
1108 1730 1366 1770 antiquissimum
1390 1739 1504 1761 nomen
1528 1728 1622 1771 hujus
1646 1730 1778 1771 plantae.
1803 1728 1862 1761 sed
1880 1729 1953 1772 jure
1969 1739 2018 1762 re-

386 1780 509 1821 =iectum
522 1798 565 1802 -
578 1780 755 1812 absolutam
773 1781 877 1821 legem
895 1781 1070 1822 prioritatis
1088 1784 1198 1822 utpote
1215 1782 1319 1822 legem
1336 1781 1629 1813 anti-Linnaeanam
1647 1791 1711 1812 non
1729 1790 1873 1822 agnosco
1885 1799 1928 1804 —-
1943 1782 2018 1822 quia

386 1831 456 1873 jam
480 1835 575 1863 antea
597 1842 617 1862 a
639 1833 795 1873 Jacquino
820 1831 996 1863 adhibitum
1022 1832 1079 1864 fuit
1101 1833 1133 1864 111
1158 1833 1253 1864 aliam
1280 1833 1434 1874 plantam.

543 1892 616 1923 Οὐδ’.
638 1892 668 1923 4.
714 1892 750 1923 In
775 1891 880 1923 herbb.
906 1892 1027 1932 FRIES,
1052 1904 1132 1924 mus.
1158 1894 1352 1932 Holmiens.,
1379 1893 1552 1924 Christian.
1569 1895 1601 1924 et
1618 1894 1790 1933 Hafnz'enS.
1809 1893 1928 1925 adsunt
1943 1903 2017 1935 spe-

391 1943 508 1974 cimina
533 1943 592 1975 Gei
618 1943 784 1984 cujusdam
809 1953 826 1974 e
851 1954 970 1976 musaeo
994 1945 1097 1976 Paris.
1123 1945 1373 1985 communicata,
1399 1954 1469 1985 quae
1492 1945 1577 1976 lecta
1601 1954 1675 1976 esse
1699 1944 1846 1976 dicuntur
1871 1945 1903 1976 in
1926 1945 2018 1977 Nova

390 1995 579 2035 Hollandia3
605 2005 698 2036 quum
720 2004 782 2026 non
806 1995 970 2027 fructifera
993 1996 1070 2037 sint,
1097 1996 1223 2037 dubito,
1249 1996 1291 2027 ad
1315 2006 1410 2036 quam
1434 1996 1576 2037 speeiem
1594 1997 1658 2028 sint
1676 1996 1860 2035 referenda,
1877 1996 1936 2028 scd
1953 1997 2016 2029 nisi

390 2056 505 2078 novam
529 2047 726 2078 constituant
749 2047 907 2087 speciem,
932 2047 993 2078 huc
1013 2048 1214 2089 potissimum
1237 2047 1408 2089 pertinent.

391 2161 448 2194 11.
490 2156 626 2194 GEUM
658 2165 981 2195 AURANTIACUM
1012 2159 1118 2196 Fries
1146 2159 1242 2199 foliis
1269 2158 1487 2195 radicalibus
1514 2157 1709 2207 interrupte
1729 2159 2015 2207 lyrato-piunati-

489 2218 648 2265 partitis;
676 2217 771 2253 foliis
800 2219 951 2254 caulinis
985 2219 1173 2269 tripartitis
1206 2219 1265 2254 vel
1301 2217 1598 2266 pinnatipartitis;
1634 2219 1763 2266 petalis
1797 2218 2014 2255 aurantiacis

490 2277 712 2323 obeordatis,
747 2277 871 2324 calyce
906 2289 1048 2325 semper
1080 2278 1214 2316 reflexo
1250 2278 1491 2324 longioribus3
1529 2277 1697 2324 carpellis
1730 2277 1892 2324 hirsutis,
1929 2278 2014 2326 styli

490 2336 640 2372 articulo
668 2336 851 2384 superiore
878 2337 1023 2384 glabr03
1052 2337 1276 2385 carpophoro
1300 2337 1453 2383 liirsutO,
1484 2337 1614 2373 sessili.

390 2424 468 2461 Syn.
497 2421 535 2453 G'.
559 2424 768 2453 aurantiacmn
791 2424 887 2459 Fries,
912 2425 974 2453 Ind.
1000 2435 1069 2454 sem.
1093 2424 1167 2454 hort.
1192 2425 1293 2463 Upsal.
1319 2425 1412 2453 1858.

539 2498 647 2529 Habit.
693 2498 802 2529 Patria
823 2508 886 2530 non
910 2498 990 2530 satis
1014 2502 1103 2540 nota,
1129 2498 1188 2530 sed
1211 2498 1427 2530 verisimiliter
1450 2499 1555 2531 littora
1577 2499 1730 2530 Ameriam
1747 2498 2012 2531 occidentalis.—

388 2550 425 2580 In
449 2548 541 2581 horto
566 2549 677 2591 Upsal.
705 2550 821 2581 cultum
845 2559 885 2581 ex
909 2550 1100 2590 seminibus,
1124 2560 1195 2592 quae
1218 2550 1300 2582 Prof.
1326 2550 1363 2582 N.
1386 2550 1415 2583 J.
1439 2549 1627 2582 Andersson
1652 2551 1827 2592 reportavit
1848 2551 1888 2592 (v.
1914 2551 1960 2592 s.).
