2134 3034
425 232 472 264 42
985 226 1019 262 J.
1048 227 1090 262 E.
1119 227 1396 273 ZETTERSTEDT,

402 331 433 364 6.
486 328 777 375 szgsermmmz‘a
804 334 936 363 exsecta
964 327 1118 364 Schmid.
1147 350 1197 354 ——
1225 328 1309 376 Syn.
1344 328 1436 375 Hep.
1465 340 1497 375 p.
1529 330 1584 364 77.
1611 351 1660 355 —
1688 329 1731 365 N.
1760 343 1792 365 v.
1820 330 1883 366 Es.
1912 330 2006 376 Hep.

542 398 612 421 cur.
641 386 672 430 I,
702 398 735 432 p.
766 388 849 421 247.
877 409 927 413 —
954 387 1092 422 Hartm.
1121 386 1175 422 Fl.
1205 387 1258 423 ed.
1285 388 1324 432 9,
1350 399 1383 434 p.
1414 389 1471 422 87.

527 462 578 494 Ad
602 465 723 493 terram
747 462 911 493 humidam
933 465 964 494 et
987 462 1074 502 ligna
1098 463 1227 503 putrida
1251 463 1401 494 silvarum
1428 463 1649 495 Coniferarum
1674 466 1725 494 sat
1748 472 1860 503 parce,
1879 473 1907 494 v.
1926 472 1952 494 c.
1974 463 2006 493 iu

377 514 460 545 silva
483 514 623 545 abietina
646 513 729 544 inter
753 512 881 545 Saxnas
908 517 939 545 et
963 514 1116 554 R'oh'alla,
1142 514 1233 546 Boda
1257 515 1452 555 kronopark.
1479 533 1518 537 -—
1543 515 1583 545 M.
1610 515 1649 545 Β.

405 593 435 626 7.
489 591 780 639 Mnyermcmnia
813 591 1003 625 ventricosa
1037 590 1165 627 Dicks.
1200 613 1250 617 —
1282 591 1367 638 Syn.
1402 591 1495 638 Hep.
1531 603 1564 638 p.
1603 593 1684 627 108.
1721 613 1765 617 —
1800 591 1844 626 N.
1879 603 1911 626 v.
1944 591 2007 627 Es.

542 650 635 696 Hep.
665 661 737 685 eur.
765 649 815 694 H,
844 660 877 695 p.
909 651 964 685 62.
994 671 1043 675 ——
1070 649 1208 684 Hartm.
1237 650 1291 684 Fl.
1322 650 1376 684 ed.
1407 651 1444 694 9,
1474 662 1506 696 p.
1537 653 1594 685 91.

528 726 579 756 Ad
603 730 720 758 terram
745 727 908 759 humidam
933 727 965 758 in
989 725 1080 757 Roda
1103 725 1289 766 kronopark
1312 725 1454 766 pluribus
1477 727 1557 757 locis
1583 731 1614 757 et
1638 727 1797 768 praecipue
1821 726 1954 768 pulchra
1977 727 2009 758 in

379 776 642 817 Bogateskogen.
668 797 707 800 —
732 778 769 809 B.

407 857 438 890 8.
492 855 783 902 ιῙτιη-(μενηιαηηὶα
808 855 1084 903 porphyrolenccn
1111 854 1155 889 N.
1184 866 1215 891 V.
1244 854 1307 889 Es.
1336 875 1384 879 —
1418 852 1503 900 Syn.
1531 854 1624 901 Hep.
1653 867 1686 901 p.
1719 857 1799 891 109.
1828 877 1878 882 —-
1906 855 1950 890 N.
1976 867 2010 890 V.

546 913 609 948 Es.
643 913 736 961 Hep.
771 925 842 951 eur.
875 914 926 959 II,
962 926 995 960 p.
1035 915 1090 949 78.
1124 936 1173 940 —
1207 912 1495 958 Jungermannia
1527 914 1731 949 ventricosa
1757 914 1786 957 β
1814 914 2012 961 porphyro-

548 972 651 1008 leuca
677 972 816 1008 Hartm.
844 973 899 1008 Fl.
929 972 984 1008 cd.
1015 974 1053 1017 9,
1083 984 1115 1018 p.
1147 974 1204 1007 91.

510 1049 601 1080 B'oda
626 1049 810 1090 kronopark
835 1049 877 1080 ad
901 1049 989 1088 lig-ua
1013 1047 1141 1089 putrida
1164 1048 1197 1078 in
1221 1048 1472 1088 Bogateskogeu
1499 1058 1561 1080 una
1583 1059 1653 1080 cum
1671 1050 1831 1089 &capania
1848 1060 2013 1080 nemorosa

384 1104 416 1132 et
440 1102 698 1141 szfsc'rmcmnia
723 1101 946 1141 triehophylla.
971 1118 1011 1121 —
1036 1099 1071 1130 Β.

410 1179 443 1215 9.
497 1177 789 1225 Junyermcmmz'a
815 1177 926 1212 incisa
955 1175 1103 1211 Schrad.
1132 1198 1182 1201 ——
1210 1176 1295 1223 Syn.
1323 1176 1416 1224 Hep.
1446 1189 1479 1224 p.
1516 1179 1598 1213 118.
1625 1199 1670 1203 —
1698 1177 1742 1213 N.
1771 1189 1803 1211 V.
1830 1176 1893 1211 Es.
1921 1175 2014 1222 Hep.

550 1247 621 1271 eur.
649 1236 700 1281 Π,
731 1248 765 1282 p.
798 1237 879 1271 136.
907 1257 956 1260 —
982 1235 1122 1270 Hartm.
1150 1235 1205 1270 Fl.
1233 1235 1286 1270 ed.
1318 1237 1356 1281 9,
1385 1248 1418 1282 p.
1449 1237 1506 1271 93.

535 1311 587 1343 Ad
613 1315 729 1344 terram
759 1315 791 1344 et
820 1312 910 1352 ligna
938 1311 1068 1353 putrida
1097 1311 1250 1342 silvarum
1284 1311 1509 1353 abietinarum,
1535 1322 1564 1343 v.
1589 1322 1614 1344 c.
1638 1313 1721 1344 iuter
1746 1311 1873 1343 Saxu‘as
1899 1314 1930 1343 et
1953 1312 2016 1342 Βδ-

386 1362 472 1393 halla
501 1373 565 1394 una
594 1373 664 1394 cum
696 1364 954 1404 szyermarmia
983 1367 1103 1393 exsecta
1132 1365 1164 1393 et
1191 1363 1366 1402 Lepidozia
1398 1368 1556 1404 reptante,
1588 1368 1619 1395 et
1647 1363 1740 1394 Beda.
1774 1363 1957 1404 kronopark
1984 1363 2016 1394 in

387 1414 642 1454 Bogateskogen
666 1424 730 1445 una
753 1424 824 1446 cum
849 1414 963 1445 eadem
987 1414 1169 1454 Lepidozia.
1194 1432 1233 1436 —-
1258 1413 1299 1444 M.
1321 1414 1357 1444 B.

389 1493 445 1527 10.
496 1491 788 1539 szyermmmia
815 1492 955 1526 minuta
982 1490 1111 1526 Dicks.
1136 1513 1187 1517 —
1214 1490 1299 1537 Syll.
1328 1490 1421 1537 Hep.
1449 1503 1483 1537 p.
1514 1492 1595 1526 120.
1624 1513 1674 1517 ——
1701 1491 1744 1527 N.
1771 1503 1803 1526 V.
1831 1490 1894 1526 Es.
1923 1489 2017 1536 Hep.

554 1561 626 1587 eur.
654 1550 687 1595 I,
716 1562 749 1597 p.
778 1551 862 1585 254.
890 1572 939 1576 —
965 1549 1106 1585 Hartm.
1135 1549 1190 1584 Fi.
1220 1548 1274 1584 ed.
1305 1551 1343 1595 9,
1373 1561 1406 1596 p.
1437 1551 1493 1584 92.

539 1625 639 1657 Pauci
664 1626 781 1657 surculi
805 1625 898 1667 hujus
923 1625 1044 1667 speciei
1066 1626 1183 1666 reperti
1207 1629 1281 1657 sunt
1305 1625 1345 1657 ad
1369 1636 1450 1657 saxa
1473 1625 1676 1666 grauitoidea
1700 1635 1764 1656 una
1790 1635 1861 1656 cum
1880 1627 2018 1665 Junyer-

387 1678 521 1707 mannia
551 1679 686 1707 barbata
710 1687 780 1708 var.
810 1681 978 1707 attenuata
1008 1676 1040 1707 in
1064 1677 1173 1716 pineto
1197 1686 1296 1718 prope
1319 1677 1471 1717 Jordtorp
1496 1677 1644 1718 paroeciae
1667 1677 1868 1717 Algutsrum,
1893 1676 1946 1708 ubi
1970 1676 2020 1707 hae

392 1727 463 1758 duae
492 1729 770 1768 Junyermcmniae,
806 1727 990 1768 caespitibus
1021 1729 1189 1758 Grimmioe
1212 1729 1416 1758 Hartmamzi
1444 1728 1610 1767 immixtae,
1639 1728 1896 1759 observationem
1925 1727 2021 1759 facile

394 1778 558 1818 effugiunt.
581 1797 621 1801 —
645 1779 686 1810 Μ.

393 1849 451 1882 11.
504 1847 794 1895 szyermaomia
821 1847 966 1882 barbam
994 1846 1141 1883 Schreb.
1168 1869 1219 1872 --
1246 1846 1330 1893 Syn.
1358 1846 1452 1893 Hep.
1480 1858 1512 1893 p.
1542 1848 1623 1884 122.
1644 1869 1693 1872 -
1711 1847 1755 1883 N.
1785 1859 1818 1882 V.
1837 1847 1900 1882 Es.
1927 1846 2021 1893 Hep.

560 1918 632 1941 cur.
660 1906 710 1952 II,
739 1918 773 1952 p.
804 1907 886 1941 155.
913 1927 963 1931 —
990 1905 1128 1940 Hartm.
1157 1905 1212 1940 Fl.
1243 1905 1296 1941 ed.
1327 1907 1363 1950 9,
1389 1917 1423 1952 p.
1450 1907 1507 1940 92.

539 1981 591 2013 Ad
616 1991 697 2013 saxa
721 1981 925 2022 grauitoidea
948 1974 1101 2012 silvarum
1125 1984 1157 2012 et
1180 1990 1342 2012 nemorum
1368 1981 1475 2012 multis
1499 1981 1593 2022 locis,
1619 1991 1647 2012 v.
1673 1990 1699 2012 c.
1724 1981 1841 2021 Tveta,
1860 1980 2023 2021 Grfiborg,

395 2032 599 2072 Algutsrum,
623 2033 802 2073 M‘ollstorp,
827 2033 910 2063 inter
934 2031 1029 2063 Stora
1052 2032 1117 2062 R-ijr
1141 2035 1173 2062 et
1196 2032 1304 2072 Ralla,
1330 2031 1502 2072 Borgholm
1523 2032 1555 2063 in
1579 2034 1729 2072 querceto
1754 2031 1836 2063 inter
1859 2031 1969 2062 urbem
1993 2034 2025 2062 et

394 2093 515 2125 arcem,
540 2083 632 2115 B'oda
656 2083 851 2123 kronopark.
877 2101 917 2105 -—
941 2082 981 2113 M.
1006 2082 1041 2113 B.

543 2135 580 2166 Iu
606 2134 749 2175 Synopsi
772 2133 1003 2174 Hepaticarnm
1025 2133 1205 2173 complures
1230 2133 1463 2175 conjunguntur
1486 2133 1596 2164 formae
1619 2133 1702 2164 inter
1725 2142 1761 2163 se
1784 2135 1849 2163 tam
1873 2132 2024 2164 aberran-

392 2188 457 2224 tes,
488 2187 522 2215 ut
552 2194 615 2216 uon
648 2185 762 2216 minori
791 2194 891 2216 causa
921 2193 1015 2224 quam
1044 2184 1150 2214 multae
1179 2183 1251 2214 aliae
1279 2194 1391 2224 parum
1420 2184 1580 2215 distinctae
1610 2183 1737 2224 species
1767 2193 1823 2224 pro
1854 2183 2024 2224 speciebus

393 2235 531 2276 propriis
557 2235 715 2267 habendae
737 2235 814 2267 mihi
838 2235 1016 2268 videantur.
1062 2235 1099 2265 In
1124 2233 1284 2265 Oelandia
1303 2239 1425 2275 tamen,
1445 2237 1578 2275 excepto
1602 2234 1712 2276 pineto
1737 2243 1838 2275 prope
1861 2233 2024 2275 Jordtorp,

394 2286 448 2317 ubi
476 2296 598 2327 paucos
629 2287 775 2318 surculos
804 2298 872 2317 var.
898 2290 1071 2317 attenuato)
1100 2284 1192 2326 (Syn.
1216 2285 1298 2326 Hep.
1323 2286 1342 2316 l.
1367 2286 1409 2326 c.)
1434 2285 1619 2326 observavi,
1645 2285 1844 2316 solummodo
1868 2294 1940 2315 eam
1963 2284 2026 2315 for-

395 2347 480 2368 mam
516 2338 779 2377 szgyermanm'ae
814 2339 953 2368 barbatce
986 2336 1109 2376 inveni,
1150 2345 1220 2376 quae
1246 2336 1279 2366 in
1307 2336 1429 2367 Hartm.
1458 2336 1507 2367 Fi.
1539 2336 1597 2366 hoc
1632 2344 1748 2366 nomeu
1775 2335 1905 2366 retinuit
1934 2337 1966 2366 et
1993 2335 2026 2365 in

396 2387 537 2428 Synopsi
561 2388 790 2429 Hepaticarum
813 2388 994 2419 nominatur
1016 2387 1085 2418 haec
1104 2387 1204 2418 forma
1229 2387 1486 2426 Junyermamzz'a
1510 2388 1645 2417 barbata
1668 2397 1735 2417 var.
1760 2386 1924 2416 Schreb'eri
1942 2385 1976 2426 (l.
1999 2394 2027 2417 c.

396 2448 426 2478 p.
455 2439 542 2479 125).

400 2507 456 2541 12.
509 2506 799 2554 szyermannia
825 2506 1022 2542 divaricata
1048 2505 1091 2541 E.
1119 2505 1160 2541 B.
1189 2526 1240 2530 ——
1268 2504 1352 2552 Syn.
1380 2504 1472 2551 Hep.
1500 2515 1534 2550 p.
1562 2504 1642 2540 135.
1662 2525 1713 2529 ——
1735 2504 1779 2540 N.
1799 2515 1831 2539 V.
1850 2503 1913 2539 Es.
1933 2502 2027 2550 Hep.

565 2576 637 2600 eur.
664 2564 716 2610 H,
745 2575 778 2611 p.
807 2566 890 2600 241.
916 2586 967 2590 —-
994 2564 1132 2600 Hartm.
1160 2562 1215 2597 Fl.
1245 2562 1298 2599 ed.
1328 2564 1366 2609 9,
1397 2574 1431 2609 p.
1461 2564 1519 2597 94.
