2134 3034
426 179 473 212 34
1002 172 1045 208 N.
1073 172 1157 207 JOH.
1186 171 1371 216 Sensurz,

375 282 451 318 Syn.
481 277 518 308 G.
543 278 771 316 mosselltmz'cum
808 278 963 304 Commers.
995 286 1029 304 ex
1059 277 1135 304 Pers.
1166 278 1233 314 Syn.
1260 278 1292 311 2,
1323 287 1351 315 p.
1375 278 1425 305 57.
1451 293 1491 296 —
1522 277 1645 304 Trattin.
1683 276 1785 303 Rosae.
1810 276 1943 312 Monogr.
1970 277 2004 309 3,

547 342 575 368 p.
606 331 675 358 135.
697 345 736 349 —
757 330 824 356 Dee.
852 328 951 356 Prodr.
978 329 1011 361 2,
1037 338 1064 365 p.
1089 329 1160 356 554.
1179 345 1219 348 —
1244 329 1309 356 Don
1333 329 1450 365 Encycl.
1477 329 1509 362 2,
1535 339 1562 366 p.
1588 325 1649 355 5‘27
1673 337 1706 355 ex
1730 327 1824 355 Hook.
1845 344 1884 346 —
1909 327 2003 355 Hook.

546 383 590 410 Fi.
615 383 745 409 Antaret.
772 381 803 413 2,
829 389 856 417 p.
884 380 955 407 262.
981 395 1021 398 —
1046 379 1146 407 Wedd.
1178 380 1273 407 Chlor.
1299 380 1406 408 Audin.
1434 381 1465 414 1,
1491 390 1518 417 p.
1544 380 1614 407 935.

526 457 632 487 Habit.
662 457 694 487 in
725 457 869 486 America
898 454 1041 484 australi
1071 458 1102 485 et
1130 455 1249 495 media,
1281 458 1315 485 nt
1344 454 1385 486 ad
1409 455 1521 486 fretum
1546 454 1808 494 Magellanicum,
1835 454 1888 485 ubi
1913 454 2005 485 Com-

373 518 500 540 merson
532 508 654 538 detexit
684 510 715 537 et
743 506 828 536 unde
858 505 896 537 N.
919 506 948 536 J.
970 506 1185 536 ANDERSSON
1219 507 1299 537 1852
1329 507 1505 547 specimina
1530 506 1714 547 reportavit.
1761 506 1867 547 Prope
1891 505 2005 546 Sandy

374 561 468 592 Point
492 560 556 600 (W.
579 559 717 590 Lechler
741 558 773 588 in
803 557 890 588 herb.
915 557 1036 597 FRIES,
1070 557 1201 588 BLYTT.
1232 561 1263 588 et
1292 570 1372 589 mus.
1398 559 1604 598 Holmiens.),
1630 557 1661 588 in
1687 557 1784 595 Chili,
1810 557 1901 587 Nova
1926 556 2005 587 Gra-

373 612 478 644 nada:
502 610 724 643 ”Cordilleras
750 609 789 640 de
814 609 844 639 la
869 608 1022 649 province
1047 608 1086 639 de
1111 608 1293 648 Fuquerras
1319 609 1348 640 h.
1378 610 1462 641 3000
1490 610 1549 641 1n.''
1579 609 1812 649 (WEDDELL),
1840 609 2005 640 Ecuador:

373 664 473 705 ”pres
499 663 540 694 du
566 666 700 694 sommet
725 661 766 692 du
790 660 968 691 Pichincha
992 660 1224 700 (WEDDELL),
1247 660 1346 692 Peru:
1372 660 1629 700 '’Huasa-huasi,
1663 661 1812 691 environs
1841 660 1881 691 de
1912 660 2006 701 Caja-

374 725 482 746 marca
506 715 534 746 h.
559 715 644 746 3500
667 714 726 744 m.’'
752 712 979 752 (WEDDELL).
1025 712 1061 742 In
1090 713 1274 751 veglionibus
1304 713 1504 743 Antarctz'cz's
1532 715 1689 752 praeterea
1720 712 1834 742 lectum
1864 711 1906 742 ad
1929 712 2008 743 Port

372 766 508 797 Famine
543 770 574 797 et
611 766 679 806 Gap
713 765 821 804 Negro
857 763 987 803 (HOOK.
1011 763 1030 793 l.
1056 763 1098 803 c.)
1129 768 1162 793 ut
1185 764 1281 794 etiam
1305 764 1337 794 in
1364 764 1554 794 Anstralia:
1588 763 1681 804 ''Bay
1705 764 1739 795 of
1758 763 1887 794 Islands
1912 763 2006 794 Nevv-

373 818 543 849 Zealand”
569 817 670 855 (Unit.
697 816 777 847 Stat.
802 816 885 856 expl.
912 814 1028 855 expect.
1055 814 1223 845 1838—42
1249 815 1369 856 botany
1396 816 1425 854 1,
1449 825 1478 855 p.
1502 815 1579 855 501)
1606 817 1649 854 (v.
1675 816 1725 855 s.).

525 878 722 908 Pubescens.
773 875 931 906 Rhizoma
965 874 1180 906 crassitudine
1215 874 1322 914 digiti,
1358 878 1440 905 teste
1474 874 1624 905 Weddell
1660 875 2005 916 earyophylliodorum.

373 929 484 962 Caulis
508 940 605 960 unum
629 929 807 959 alterumve
832 926 947 967 pedem
973 927 1071 966 altus,
1097 926 1247 966 foliosus,
1274 926 1415 956 hirsutus
1440 926 1491 957 vel
1515 926 1714 967 pubescens,
1740 927 1926 967 plerumque
1953 928 2006 958 tri-

372 982 484 1021 fiorus,
510 982 634 1013 inferne
658 979 864 1010 rubicundus.
910 978 1004 1009 Folia
1028 977 1185 1009 radicalia
1210 978 1346 1018 plurima
1370 977 1589 1017 irregulariter
1614 980 1645 1007 et
1669 977 1845 1018 interrupte
1868 978 2006 1019 pinnati-

372 1034 507 1075 partita,
532 1034 653 1074 pilosa,
679 1032 798 1066 lacinia
821 1030 999 1061 terminalis
1024 1031 1165 1061 maxima
1190 1029 1522 1060 rotundo-rcniformis
1548 1028 1597 1059 vel
1622 1028 1692 1059 basi
1717 1029 1789 1069 plus
1814 1030 1918 1061 minus
1937 1040 2005 1062 cor-

373 1085 464 1125 data,
491 1085 658 1116 sublohata
683 1086 884 1122 serrataqne3
909 1081 1060 1112 laterales
1085 1081 1231 1121 utrinque
1254 1080 1356 1121 4—6,
1388 1080 1483 1111 valde
1514 1080 1705 1120 inaequales,
1737 1082 2006 1113 ovato-cuneit'or-

372 1146 454 1177 mes,
480 1136 745 1174 inciso-serratae,
771 1134 929 1165 nonnullae
952 1134 1096 1173 integrae.
1142 1133 1257 1164 Petioli
1283 1132 1356 1163 hirti
1380 1132 1431 1162 vel
1456 1131 1584 1172 hispidi.
1630 1132 1723 1162 Folia
1747 1133 1873 1164 caulina
1891 1133 2006 1174 tripar-

372 1188 431 1219 tita
459 1188 510 1218 vel
540 1186 942 1228 lyrato-pinnnatipartita‚
974 1185 1100 1216 laciniis
1130 1184 1350 1224 paucioribus,
1381 1183 1504 1215 incisis.
1551 1183 1685 1224 Stipulae
1718 1186 1837 1224 ovatae,
1864 1188 2005 1215 seri-atae.

372 1240 486 1271 Flores
512 1239 625 1278 crecti,
650 1238 767 1280 petalis
797 1237 891 1268 flavis
921 1235 1142 1272 subrotundis,
1174 1236 1284 1277 calyce
1314 1235 1499 1277 majoribus.
1547 1234 1651 1276 Calyx
1681 1239 1755 1275 post
1783 1234 1934 1266 anthesin
1959 1245 2008 1267 re-

370 1291 484 1323 flexus.
532 1291 714 1331 Capitulum
740 1289 953 1329 carpellorum
979 1288 1181 1328 depressum.

523 1353 595 1382 Obs.
650 1350 838 1391 Synonyma
867 1348 960 1390 hujus
991 1348 1112 1388 speciei
1142 1348 1254 1378 illustr.
1284 1347 1312 1378 J.
1342 1347 1495 1378 Hoormss
1526 1347 1558 1377 in
1591 1345 1669 1377 flora
1699 1346 1886 1378 Antarctica
1915 1347 2009 1379 affert

372 1407 413 1435 G.
438 1407 609 1435 coccineum
633 1402 715 1441 Seru,
744 1401 848 1432 Liudl.
874 1401 945 1431 Bot.
969 1400 1049 1439 ch.
1086 1403 1108 1432 t.
1135 1400 1234 1436 1088,
1269 1399 1305 1430 G.
1331 1399 1463 1429 chilense
1492 1398 1619 1436 Balbis,
1653 1399 1691 1428 Gr.
1715 1398 1849 1428 clrilerzse
1882 1398 2006 1440 Lindl.,

370 1457 441 1487 Bot.
467 1456 563 1495 Reg.,
588 1458 609 1486 t.
638 1454 733 1493 1348,
762 1453 799 1485 G.
823 1453 974 1491 Qvellyon
1000 1450 1107 1482 Sweet
1135 1451 1212 1482 Brit.
1237 1449 1267 1480 fl.
1293 1449 1440 1489 Garden,
1466 1449 1535 1481 Ser.
1559 1450 1592 1490 I,
1619 1450 1681 1481 vol.
1706 1450 1741 1489 3,
1773 1452 1793 1480 t.
1821 1450 1897 1490 292,
1935 1460 2006 1491 quae

370 1513 477 1540 tamen
512 1517 562 1538 me
592 1505 702 1547 judice
738 1515 800 1536 non
833 1503 874 1535 ad
906 1504 979 1542 hoc,
1010 1502 1069 1533 sed
1094 1502 1134 1533 ad
1163 1502 1201 1533 G.
1225 1502 1359 1532 chilense
1384 1502 1491 1541 Balb.,
1518 1502 1661 1542 plantam
1687 1511 1706 1531 a
1735 1501 1774 1532 G.
1798 1502 2007 1541 mayellmzz'co

372 1558 665 1597 distinctissimam,
690 1557 862 1598 pertinent.
879 1554 1026 1585 —Idem
1051 1554 1219 1593 HOOKER,
1245 1554 1438 1584 observante
1462 1554 1490 1584 A
1514 1553 1614 1584 GRAY
1639 1553 1684 1593 (in
1710 1552 1794 1584 Unit.
1821 1552 1900 1583 Stat.
1920 1554 2005 1594 expl.
2035 1580 2038 1587 ,

371 1610 486 1652 exped.
509 1610 528 1640 l.
554 1610 595 1650 c.)
620 1619 690 1640 oum
716 1609 783 1640 Geo
806 1606 1019 1647 magellanieo
1045 1606 1208 1646 complura
1233 1605 1429 1646 conjungere
1453 1604 1593 1645 videtur,
1621 1608 1654 1634 ut
1678 1614 1717 1635 ex
1748 1604 1847 1635 Flora
1870 1606 2008 1637 Antarc-

370 1663 436 1694 tica
459 1665 558 1703 patet.
604 1662 642 1692 A.
673 1660 773 1692 GRAY
803 1660 822 1690 l.
848 1669 875 1690 e.
906 1658 999 1689 dicit:
1031 1659 1086 1688 ”to
1111 1657 1174 1688 this
1200 1657 1327 1697 speeies
1353 1657 1398 1687 Dr
1423 1656 1555 1687 Hooker
1579 1657 1680 1688 refers
1704 1656 1757 1687 the
1782 1656 1819 1687 Gr.
1848 1667 2006 1689 ranuncu-

371 1714 492 1754 loides,
519 1713 557 1745 G.
582 1713 740 1752 chileuse,
766 1711 803 1743 Gr.
830 1710 986 1751 Quellyon
1012 1709 1075 1740 and
1099 1708 1323 1740 intermedium
1349 1709 1384 1739 of
1404 1708 1548 1749 authors,
1575 1707 1638 1739 and
1655 1708 1801 1739 likewise
1819 1718 1875 1739 our
1891 1709 2007 1740 North-

371 1766 543 1798 Ameriean
574 1765 611 1796 G.
642 1764 842 1794 strictum—
862 1761 1055 1803 apparently
1084 1760 1161 1791 with
1192 1769 1324 1801 reason,
1353 1760 1408 1791 but
1437 1761 1468 1791 in
1498 1760 1566 1790 that
1595 1769 1671 1790 ease
1701 1759 1754 1790 the
1778 1760 1867 1800 plant
1891 1760 2007 1792 should

371 1817 449 1848 bear
472 1816 526 1847 the
550 1816 644 1847 latter
668 1825 770 1846 name.
816 1814 866 1845 He
891 1814 960 1844 also
984 1813 1131 1852 strongly
1153 1812 1287 1843 inclines
1313 1815 1344 1842 to
1370 1811 1457 1842 unite
1483 1812 1535 1842 the
1559 1811 1664 1842 whole
1689 1811 1725 1842 of
1749 1811 1802 1842 the
1832 1812 2004 1853 European

372 1869 410 1900 Gr.
435 1869 620 1899 urbanum.''
643 1886 685 1889 -
709 1867 847 1897 Tantam
873 1866 1128 1907 conjunctionem
1153 1863 1346 1905 specierum,
1372 1873 1443 1903 quae
1468 1863 1564 1894 etiam
1591 1863 1632 1893 ad
1663 1862 1811 1894 diversas
1843 1865 2006 1896 sectiones

370 1920 530 1961 pertinent
565 1923 596 1950 et
630 1919 713 1949 inter
748 1928 783 1949 se
819 1922 893 1949 sunt
926 1916 1164 1956 dissimillimae,
1198 1914 1337 1956 probare
1367 1914 1420 1946 vix
1449 1924 1637 1955 possumus,
1668 1914 1717 1945 his
1743 1916 1827 1946 enim
1852 1915 1884 1946 in
1907 1925 2004 1946 unam

371 1971 512 2012 speciem
537 1969 692 2009 redactis,
715 1970 844 2001 omnino
873 1968 1093 2000 necessarium
1123 1966 1249 1998 videtur
1279 1965 1475 2006 conjungere
1500 1976 1527 1996 v.
1553 1976 1579 1998 c.
1626 1967 1667 1997 G.
1696 1967 1933 2003 intermedium,
1966 1968 2007 1998 G.

369 2023 575 2063 rubi-folium,
602 2023 641 2053 G.
668 2022 928 2061 brachypetalum
952 2024 984 2051 ct
1007 2021 1048 2051 G.
1071 2019 1244 2058 rubellum,
1269 2017 1353 2058 quod
1377 2027 1499 2058 paucos
1525 2017 1699 2049 hodiernos
1727 2017 1896 2049 botanicos
1921 2018 2007 2049 affir-

369 2084 458 2105 mare
482 2073 683 2105 crediderim.
720 2074 814 2105 Certe
839 2074 879 2103 G.
897 2070 1143 2112 mayellanieum
1167 2073 1217 2101 est
1241 2069 1403 2100 diversum
1427 2079 1446 2100 a
1471 2070 1512 2100 (ἶ.
1533 2070 1665 2100 οήἱίεηεί
1690 2069 1774 2110 (Bot.
1793 2070 1874 2110 ch.
1896 2070 2002 2111 1348),

370 2125 455 2165 quod
479 2125 537 2156 fuit
559 2126 726 2157 confusum
750 2135 822 2156 eum
849 2125 886 2156 G.
910 2125 1047 2154 coccineo
1072 2123 1120 2154 Fl.
1147 2122 1250 2153 Grzec.

374 2222 430 2255 16.
474 2218 606 2255 GEUM
638 2227 995 2254 INVOLUCRATUM
1025 2217 1124 2253 Juss.
1154 2216 1250 2252 foliis
1278 2215 1499 2251 radicalibus
1527 2215 1724 2262 interrupte
1753 2215 2004 2262 pinnatiparti-

474 2279 535 2323 tis,
564 2278 698 2314 lacinia
721 2277 900 2313 terminali
927 2277 1100 2321 maxima,
1129 2276 1337 2321 rotundata,
1368 2275 1530 2310 obsolete
1559 2274 1813 2321 quinqueloba,
1843 2278 2007 2319 erenata,

473 2338 684 2373 lateralibus
712 2337 892 2372 multoties
919 2336 1131 2381 minoribus,
1159 2334 1307 2370 floribus
1335 2334 1524 2370 sessilibus
1555 2335 1777 2379 nutantibus,
1808 2333 1894 2369 folio
1922 2345 2004 2369 cau-

473 2397 546 2432 lino
573 2396 823 2441 involueratis,
852 2396 983 2443 petalis
1012 2394 1106 2430 albis
1134 2394 1296 2441 calycem
1325 2394 1638 2440 subaequantibus3
1659 2392 1827 2441 carpellis
1847 2392 2006 2437 villosis,

474 2456 569 2503 stylo
597 2455 759 2499 hamato,
789 2458 953 2501 curvam,
982 2454 1206 2500 carpophoro
1232 2453 1363 2489 sessili.

372 2536 451 2573 Syn.
480 2533 518 2564 G.
543 2534 759 2564 involucrcoezmz
781 2533 861 2563 Juss.
896 2534 983 2562 Herb.
1007 2535 1036 2562 in
1060 2534 1137 2562 Pers.
1164 2534 1231 2571 Syn.
1258 2534 1292 2567 2,
1328 2543 1355 2570 p.
1382 2532 1432 2561 57.
1458 2548 1498 2551 —
1521 2533 1590 2560 Dee.
1622 2533 1720 2561 Prodr.
1747 2534 1779 2567 2,
1815 2543 1843 2570 p.
1868 2533 1940 2561 552.
1967 2548 2007 2552 -—

545 2587 669 2614 Trattin.
701 2586 804 2614 Rosac.
830 2586 964 2623 Monogr.
990 2587 1022 2620 3,
1048 2596 1074 2624 p.
1102 2586 1172 2613 134.
