2134 3034
432 168 479 201 46
1003 162 1047 197 N.
1076 161 1160 197 ι1011.
1190 160 1376 206 Scflssurz,

482 265 586 301 flavis
616 263 1043 306 obcordato-rotundatis,
1074 263 1198 310 calyce
1226 266 1510 308 erecto-patente
1530 261 1769 308 longioribus,
1795 262 2007 298 brevissime

484 323 740 370 unguiculatis3
770 322 938 369 carpellis
967 321 1074 357 valde
1102 321 1250 368 pilosis;
1288 321 1371 368 styli
1400 321 1549 356 articulo
1583 321 1750 356 inferiore
1783 320 2007 367 longitudine

485 382 679 429 carpellum
709 386 814 427 atque
843 381 1029 416 articulum
1058 380 1279 427 superiorem
1307 380 1437 415 hirtum
1464 384 1647 426 aequante3
1676 380 1897 427 carpophoro
1931 391 2008 415 ses-

485 443 542 478 sili
568 440 801 488 pilosissimo.

383 524 462 560 Syn.
488 520 743 560 (1'.pffl·e⁷zaz'cztm
767 519 864 547 Willd.
892 520 940 557 Sp.
965 519 1056 557 plant.
1082 520 1114 552 2,
1139 529 1167 557 p.
1195 519 1286 547 1115.
1314 535 1351 539 —
1376 520 1444 548 Dec.
1469 520 1514 547 Fl.
1538 520 1640 547 Franc.
1665 519 1699 554 4,
1724 529 1751 556 p.
1776 520 1848 547 472.
1874 535 1914 538 —
1938 519 2008 546 Dee.

555 572 653 600 Prodr.
680 572 712 605 2,
739 581 766 609 p.
792 571 852 599 55⁶2
878 571 962 604 (excl.
989 571 1056 607 Syn.
1082 571 1116 598 G.
1142 570 1270 598 inclinat.
1297 571 1462 604 Schleich.).
1480 587 1520 590 -
1544 571 1668 598 Trattin.
1694 571 1796 598 Rosac.
1821 571 1955 606 Monogr.
1973 570 2006 603 3,

556 634 582 661 p.
611 624 680 651 124.
706 639 745 642 ——
767 623 839 650 Hill.
863 622 957 660 prolif.
983 622 1027 649 Bl.
1052 622 1080 650 4.
1106 638 1147 642 —-
1172 622 1302 650 Ramond
1326 622 1401 649 Bull.
1427 622 1497 659 phil.
1524 623 1605 650 1800
1631 622 1686 649 N:0
1711 622 1750 649 42
1777 626 1797 650 t.
1817 622 1842 649 X
1861 623 1908 658 fig:
1926 622 2008 650 3.—

556 676 670 703 110011101-
695 675 737 702 Fi.
764 675 832 703 Eur.
860 674 912 707 14,
939 675 955 701 :2
981 675 1049 705 (sec.
1067 674 1196 708 Pritzel).
1211 689 1251 693 —
1265 673 1368 701 Benth.
1382 673 1446 701 Cat.
1472 673 1520 700 des
1545 674 1635 711 plant.
1654 673 1702 700 des
1720 673 1837 710 Pyren„
1858 683 1885 711 p.
1902 674 1953 701 81.
1967 689 2008 692 —

556 727 640 754 Gren.
672 730 699 753 et
728 725 814 753 chr.
844 725 888 753 1⁴¹1.
921 725 954 752 (10
981 725 1088 752 France
1122 727 1153 758 1,
1183 735 1211 762 p.
1242 725 1313 752 520.
1339 741 1378 744 —-
1403 725 1535 753 Zetterst.
1565 725 1661 752 Plant.
1691 725 1797 752 vascul.
1827 724 1876 752 (les
1903 724 2006 761 Pyren.

558 779 663 816 princ.,
689 788 716 815 p.
743 778 791 805 80.
819 792 857 796 —-
886 776 995 803 Kerncr
1020 776 1048 803 in
1073 777 1187 804 OEsterr.
1211 776 1269 804 bot.
1294 776 1432 804 Zeitschr.
1461 777 1558 810 1867,
1584 786 1612 814 p.
1639 777 1708 804 106.

494 828 724 869 meophyllata
745 827 908 868 pyrenaica
932 826 1119 866 amplissimo
1133 826 1216 865 folio
1240 831 1267 856 et
1288 827 1476 865 rotundiora,
1502 832 1622 856 nutante
1631 826 1724 867 flore.
1770 828 1902 855 Tournef.
1920 827 2009 861 Inst.‚

556 891 582 919 p.
609 881 679 908 295.

492 930 590 961 Geum
620 930 827 968 Tonrnefortii
848 931 919 968 Lap.
944 931 1020 959 Hist.
1045 930 1103 958 abr.
1128 929 1176 957 des
1200 930 1290 967 plant.
1317 928 1365 956 des
1389 929 1505 966 Pyron.y
1530 940 1558 967 p.
1583 930 1654 957 292.

535 1008 640 1039 Habit.
665 1007 696 1037 in
722 1006 846 1047 alpibus
873 1007 1050 1046 Pyrennis,
1081 1009 1115 1036 ut
1143 1009 1232 1037 mont
1260 1004 1299 1035 de
1324 1004 1442 1036 Carlitz
1464 1005 1587 1045 (GREN.
1613 1008 1644 1035 et
1668 1004 1754 1036 herb.
1778 1005 1912 1046 Fines),
1936 1005 2011 1046 pres

385 1061 425 1092 de
451 1060 573 1092 Gedre.
600 1059 713 1090 hautes
738 1057 854 1098 Pyre'n.
879 1058 1039 1092 (LAGGER
1063 1057 1094 1088 in
1120 1056 1229 1087 herbb.
1254 1057 1371 1087 FRIES.
1396 1060 1428 1087 et
1454 1057 1655 1097 Holmiens),
1680 1056 1797 1097 Pyre'n.
1824 1057 1953 1088 central.
1979 1061 2012 1088 ut

384 1113 436 1154 pic
460 1112 500 1143 de
525 1110 614 1143 Gard
638 1113 669 1141 et
691 1109 844 1141 Mai-bone
868 1109 966 1149 (berb.
991 1109 1200 1149 ZETTERST.)
1224 1108 1359 1148 aliisque
1384 1108 1462 1139 locis
1484 1109 1709 1149 Pyrenaeorum
1738 1108 1799 1147 (W.
1823 1108 1857 1139 P.
1883 1108 2011 1140 SCHIM—

384 1175 452 1197 PER
476 1165 508 1195 in
534 1163 621 1194 herb.
646 1162 844 1200 Hohuiens.)
892 1160 1038 1201 Couplan
1063 1159 1244 1191 audessous
1273 1159 1522 1200 d'Arragnouet,
1548 1160 1649 1191 valle‘e
1667 1160 1784 1191 d'Aure
1800 1159 1859 1200 (Fl.
1878 1159 1961 1191 Gall.
1980 1163 2012 1191 et

387 1217 492 1248 Germ.
517 1224 584 1246 exs.
611 1213 645 1245 C.
671 1213 806 1244 Euenor
831 1213 863 1243 in
888 1212 972 1243 herb.
999 1212 1189 1251 Holmiens.)
1211 1212 1251 1249 (v.
1276 1212 1324 1252 v.).

537 1265 645 1297 Cauiis
671 1268 811 1304 erectus,
837 1264 964 1304 pedalis
989 1264 1039 1295 vel
1064 1263 1315 1304 sesquipedalis,
1342 1263 1687 1304 pubescenti-pilosus,
1718 1262 2012 1303 uni-quadriflorus.

384 1319 476 1351 Folia
497 1317 598 1348 dense
623 1316 883 1356 sericeo-pilosa,
909 1315 1065 1346 radicalia
1088 1314 1467 1355 lyrato-pinnatipartita,
1492 1315 1637 1354 utrinque
1662 1314 1735 1354 pilis
1759 1318 1857 1351 tecta,
1884 1314 2010 1345 laciniis

385 1370 569 1402 lateralibus
605 1368 725 1405 ovatis,
761 1367 940 1398 numerosis
974 1367 1133 1407 (utrinque
1158 1376 1245 1406 saepe
1270 1366 1365 1407 7-8)
1399 1366 1646 1406 approximatis,
1679 1365 1868 1406 minoribus3
1893 1366 2012 1397 lacinia

385 1421 544 1453 terminali
583 1420 664 1450 1-2
696 1419 848 1456 uncialis,
883 1418 1270 1456 orbiculato-reniformis,
1306 1417 1458 1455 maxima,
1495 1416 1686 1455 subtriloba,
1722 1417 2011 1450 crenato-dentata.

384 1475 477 1506 Folia
507 1471 634 1503 caulina
664 1480 764 1511 parva
793 1469 1016 1507 cuneiformia,
1047 1469 1315 1507 inciso-dentata,
1347 1468 1540 1499 acuminata.
1589 1468 1720 1509 stipulae
1751 1469 1912 1509 oblongae,
1940 1480 2012 1510 pro-

385 1524 482 1558 funde
506 1523 655 1555 dentatae.
702 1522 815 1553 Flores
845 1521 960 1559 erecti,
988 1520 1073 1552 flavi.
1118 1521 1262 1551 Laciniae
1294 1520 1449 1560 calycinae
1479 1520 1615 1557 virides,
1643 1520 1701 1551 sub
1733 1521 1860 1552 anthesi
1890 1525 2012 1552 erecto-

385 1580 550 1619 patentes,
586 1578 698 1615 postea
733 1573 871 1604 reflexae.
917 1573 1031 1603 Petala
1065 1572 1277 1609 subrotunda,
1311 1572 1403 1612 apice
1438 1572 1657 1611 emarginat&
1687 1573 1799 1612 calyce
1823 1572 1889 1603 fere
1914 1572 2011 1614 duplo

386 1628 542 1668 longiora.
590 1626 741 1666 Carpella
776 1624 1005 1662 hirsutissima,
1035 1624 1108 1665 pilis
1144 1624 1250 1663 longis
1281 1623 1420 1661 hirsuta,
1451 1627 1559 1661 ovata,
1590 1623 1686 1664 duplo
1714 1624 1837 1655 minora
1860 1634 1956 1665 quam
1979 1625 2012 1656 in

388 1681 426 1712 G.
451 1679 608 1711 silvatico.
655 1676 895 1717 Carpophorum
919 1676 1072 1716 pilosum,
1107 1680 1220 1706 exacte
1249 1675 1381 1712 sessile,
1412 1675 1484 1716 pilis
1515 1675 1662 1715 rigidulis
1691 1676 1788 1706 multo
1813 1676 2012 1716 longioribus

387 1742 481 1772 quam
506 1730 580 1771 pilis
605 1728 795 1769 carpophori
819 1727 878 1759 Gei
903 1727 1039 1759 silvatici
1064 1727 1257 1758 densissime
1281 1727 1427 1768 pilosum.

540 1792 611 1821 Oba
639 1790 664 1820 1.
711 1788 816 1819 Affine
845 1788 909 1818 Geo
940 1788 1100 1824 silvatico,
1131 1798 1149 1818 a
1178 1797 1239 1827 quo
1268 1787 1374 1818 differt
1398 1787 1525 1818 defectu
1549 1787 1756 1828 carpophori,
1782 1789 1931 1829 carpellis
1956 1789 2013 1820 mi-

387 1843 531 1880 noribus,
557 1840 632 1882 styli
659 1839 792 1870 articulo
817 1839 980 1880 superiore
1004 1840 1107 1878 magis
1133 1839 1252 1880 piloso,
1277 1839 1406 1870 floribus
1431 1839 1497 1869 fere
1522 1838 1617 1880 duplo
1640 1839 1831 1880 majoribus,
1851 1842 1951 1872 forma
1967 1841 2014 1872 la-

388 1894 480 1926 ciniae
515 1892 691 1924 terminalis
726 1892 873 1923 foliorum
909 1891 1095 1922 radicalium
1120 1894 1153 1921 ut
1177 1891 1272 1921 etiam
1298 1890 1423 1921 laciniis
1454 1891 1638 1921 lateralibus
1669 1892 1948 1923 numerosioribus.
1971 1911 2015 1915 —-

387 1946 436 1976 Ex
460 1944 685 1977 observatione
710 1944 889 1974 Borssfflm
912 1942 1003 1983 (Voy.
1030 1943 1089 1973 bot.
1114 1942 1195 1973 dans
1220 1942 1368 1982 l'Europe
1393 1942 1426 1980 2,
1444 1952 1474 1982 p.
1493 1943 1567 1983 200>
1591 1943 1622 1973 in
1647 1941 1685 1973 G.
1704 1943 1886 1973 silvaticum
1909 1948 2014 1975 trans-

388 1998 433 2029 ire
458 1997 586 2033 dicitur,
618 1995 676 2025 sed
706 1995 810 2025 nullos
841 1994 994 2025 transitus
1019 1994 1084 2025 Cel.
1112 1994 1196 2025 Prof.
1220 1994 1246 2026 J.
1270 1994 1392 2025 LANGE
1416 1998 1468 2029 (ex
1492 1994 1599 2025 verbis
1623 1994 1738 2035 ipsius)
1767 1994 1856 2026 vidit.
1902 1995 2015 2036 Speci—

388 2050 489 2088 mina,
515 2058 585 2088 quae
609 2047 795 2077 examinare
822 2045 899 2077 mihi
928 2045 1030 2083 licuit,
1056 2046 1151 2076 talem
1175 2046 1343 2076 transitum
1372 2045 1453 2075 inter
1477 2045 1515 2075 G.
1540 2046 1722 2076 silvaticum
1746 2048 1778 2076 et
1801 2045 1840 2078 G.
1862 2048 2014 2086 pyrenai-

387 2112 456 2132 oum
480 2110 542 2130 non
566 2098 718 2140 praebent.

541 2161 613 2190 Obs.
638 2160 666 2190 ⁶2.
714 2157 880 2195 Quomodo
910 2157 979 2188 haec
1009 2158 1136 2198 species
1166 2158 1297 2196 villosa,
1327 2157 1435 2188 habitu
1465 2156 1636 2188 Sieversiae
1660 2157 1814 2197 insignis,
1839 2168 1858 2189 a
1881 2158 2014 2191 Willde-

387 2222 469 2243 now.
494 2210 671 2242 existimari
708 2210 812 2250 possit
846 2209 952 2241 affinis
987 2209 1027 2241 G.
1048 2210 1160 2245 rivali,
1193 2220 1213 2240 a
1242 2219 1302 2249 quo
1327 2209 1454 2249 longius
1480 2208 1579 2239 distat
1602 2212 1634 2239 et
1655 2207 1787 2240 floribus
1812 2213 1843 2240 et
1865 2211 1957 2251 stylis
1983 2214 2017 2242 et

388 2264 488 2302 foliis,
512 2273 575 2294 non
599 2262 756 2301 intelligo.

541 2325 612 2353 Obs.
639 2323 666 2353 3
714 2322 830 2352 Illustr.
866 2321 959 2351 Koch
993 2321 1024 2352 in
1060 2321 1179 2362 Synop.
1214 2320 1244 2352 fl.
1281 2320 1387 2352 Germ.
1424 2323 1455 2351 et
1490 2320 1614 2351 Helvet.
1640 2319 1690 2351 ed.
1716 2321 1750 2357 3,
1775 2330 1805 2361 p.
1831 2321 1891 2352 183
1916 2321 2013 2362 dixit,

390 2375 491 2406 Geum
512 2375 719 2416 pyrenaioum
742 2383 815 2404 esse
841 2373 1004 2413 ”speciem
1030 2372 1278 2404 dubitationibus
1302 2372 1486 2411 obrutam''⁷
1511 2381 1605 2411 quum
1630 2371 1867 2403 WILLDENOW
1891 2374 2014 2414 carpel-

388 2427 489 2457 lorum
520 2425 637 2456 aristas
666 2424 836 2455 nominarit
864 2423 1019 2462 hirsutas,
1050 2425 1102 2455 DE
1133 2424 1328 2456 CANDOLLE
1356 2433 1433 2454 vero
1462 2432 1518 2454 eas
1549 2422 1758 2463 descripserit
1780 2423 1926 2463 glabras,
1950 2425 2016 2455 LA-

389 2485 573 2509 PEURousE
604 2476 774 2517 diagnosin
804 2475 1021 2507 Willdenovvii
1052 2475 1210 2516 receperit
1238 2475 1436 2505 immutatam
1468 2479 1499 2505 et
1525 2474 1683 2505 Samson
1712 2474 1849 2515 denique
1878 2475 1910 2506 in
1934 2476 2014 2508 Dec.

389 2528 566 2559 Prodromo
591 2528 631 2559 G.
649 2528 836 2558 inclinatum
862 2526 1022 2558 Schleich.
1047 2537 1118 2557 cum
1137 2527 1245 2567 signo!
1273 2526 1330 2557 sub
1349 2526 1385 2557 G.
1405 2526 1581 2567 pyrenaico
1598 2525 1677 2556 Dec.
1695 2525 1867 2557 induxerit.
1906 2527 2016 2558 Hosce
