2134 3034
514 164 743 199 Puonuom·s
773 164 1062 200 MONOGRAPHIAE
1091 163 1263 199 GEORUM.
1633 165 1675 199 19

105 267 231 299 laciniae
265 265 415 296 laterales
451 265 547 295 multo
583 265 736 305 minores,
772 265 918 306 utrinque
942 267 961 296 5
986 276 1014 296 v.
1039 266 1058 296 6
1082 266 1275 306 inaequalcs,
1305 265 1381 296 folia
1411 265 1538 296 eaulina
1567 265 1596 296 in
1623 264 1730 296 media

105 322 197 360 parte
222 317 322 348 caulis
347 316 422 352 duo,
449 315 673 355 subopposita,
697 317 782 347 aab
805 317 937 357 partita3
965 317 1040 348 t'olia
1057 316 1098 347 ad
1115 316 1206 348 basin
1224 326 1383 347 ramorum
1401 317 1564 357 opposita,
1583 317 1729 356 sessilia,

105 369 352 401 suborbieulata.
400 367 531 407 stipula}
557 371 674 407 ovano,
700 368 1004 399 laciniam-serrano
1028 369 1078 399 vel
1103 373 1194 399 acute
1219 368 1338 399 incisae.
1384 367 1560 399 Pcduneuli
1585 372 1656 409 post
1675 379 1731 399 an-

106 421 211 452 thesin
246 418 403 459 elongati,
442 418 524 448 1--2
559 418 692 458 pollices
722 419 823 458 longi,
855 418 1033 450 divaricati.
1080 420 1194 451 Flores
1225 419 1518 459 subeampanulati,
1550 420 1730 461 subapcrti,

106 472 214 503 erecti.
261 471 363 511 Calyx
388 470 584 510 persistens,
610 474 735 501 erectus
760 470 937 510 praesertim
963 471 994 501 in
1018 471 1133 509 fructu,
1160 470 1235 501 tubo
1260 471 1409 510 elongato
1428 474 1459 501 et
1475 471 1638 502 obeonico.
1671 471 1732 502 Pe—

105 524 172 554 tala
196 520 536 560 obovato-rotundata,
563 521 855 559 albo-lutescentia,
887 522 999 562 calyce
1028 522 1094 552 scre
1124 521 1220 562 duplo
1251 522 1405 553 breviora.
1451 522 1602 553 Anthera}
1628 523 1732 555 luteae.

105 573 349 615 Carpophorum
373 573 469 612 longe
495 571 686 612 stipitatum‚
713 572 867 611 glabrum.
915 573 1066 613 Carpella
1089 583 1192 614 pauca
1215 574 1345 613 (7—10)
1369 574 1451 605 hirta
1482 575 1532 605 vel
1556 575 1732 615 pubescen-

106 626 165 666 tia,
191 625 223 656 in
247 625 380 655 aristam
404 627 525 654 rectam
554 623 646 663 apice
677 627 848 654 retrorsum
878 623 1039 664 hispidam
1069 624 1259 656 desinentia.
1306 625 1388 665 Styli
1414 629 1585 656 retrorsum
1611 627 1732 667 scabri,

106 676 271 718 appendix
296 675 469 706 antheseos
494 673 556 704 fine
581 673 732 714 decidua,
758 675 842 715 stylo
871 675 1070 715 subbrevior,
1095 675 1253 716 adpresse
1277 675 1415 715 hirsuta,
1441 677 1513 717 pilis
1540 677 1732 710 basilaribus

106 727 314 768 longioribus.
360 726 496 757 Fructus
526 725 622 765 igitur
650 726 763 756 maturi
795 736 814 757 a
842 727 994 758 fructibus
1027 727 1217 767 reliquorum
1247 727 1384 758 Georum
1413 728 1541 759 multum
1572 729 1732 762 differunt.

259 789 331 817 Ohs.
377 786 517 816 Maxime
547 785 676 825 insigne
707 785 823 824 (iseum,
856 796 926 817 eum
956 787 1041 817 nullo
1071 787 1341 827 confundendum,
1367 789 1466 828 primo
1492 789 1600 820 obtutu
1625 792 1732 831 potius

108 840 282 872 Geranium
312 837 474 878 quoddam
506 846 534 867 v.
561 845 586 867 e.
612 837 649 867 G.
674 837 852 868 silvaticum
878 837 1008 869 floribus
1036 838 1163 869 minutis
1187 838 1304 869 albidis
1329 840 1481 870 referens.
1507 858 1547 862 —
1570 842 1734 874 Borssnffl

106 895 181 923 aute
211 891 343 930 triginta
371 898 472 919 annos
504 887 634 919 detexit.
658 906 701 909 —
725 888 912 929 Specimina
941 890 972 920 in
1000 889 1096 921 Caria
1120 890 1203 921 lecta
1227 901 1245 920 a
1269 890 1412 921 Boissier
1436 890 1582 923 dicuntur
1604 893 1733 926 differre

108 943 147 974 ab
172 941 361 982 hispanicis,
387 939 536 980 carpellis
561 938 707 970 omnibus
731 940 763 970 in
790 941 963 981 capitulum
989 942 1178 981 aggregatis
1202 951 1261 972 nec
1285 951 1347 972 uno
1369 942 1411 972 ad
1430 942 1520 973 basin
1541 945 1733 986 carpophori

107 994 238 1034 reliquo.
284 993 354 1023 Hac
378 992 480 1023 forma
504 991 689 1030 observata,
715 991 858 1022 Boissier
882 992 913 1022 in
938 992 1016 1033 Voy.
1042 993 1147 1024 botan.
1172 992 1253 1024 dans
1275 993 1304 1024 le
1329 993 1405 1025 midi
1432 993 1472 1025 dc
1497 995 1685 1037 l'Espague,
1703 1008 1734 1039 p.

110 1045 170 1076 ΤΕΒ
195 1043 282 1075 aliud
309 1054 424 1074 nomen
448 1045 500 1083 (Η.
525 1043 721 1076 ¹umbrosum)
745 1042 816 1074 huic
842 1045 960 1084 plantae
985 1044 1140 1084 attribuit,
1165 1043 1248 1084 quod
1273 1048 1379 1075 tamen
1412 1046 1639 1086 negligendum
1666 1054 1733 1085 est,

108 1097 184 1136 quia
207 1099 314 1126 exstat
338 1095 439 1126 Geum
463 1105 481 1125 a
507 1094 558 1125 DU
582 1093 745 1124 Mou'rlnn
770 1094 802 1125 in
826 1094 856 1126 fl.
882 1095 1001 1135 Belgio.
1026 1095 1132 1136 prodr.
1158 1098 1196 1127 (i.
1221 1096 1405 1127 ‘umbrosum
1430 1096 1547 1129 dictum
1565 1103 1660 1140 atque
1677 1111 1734 1132 no-

109 1156 181 1178 men
205 1146 405 1187 heterocarpi
429 1149 586 1186 praeterea
610 1148 660 1175 est
684 1145 894 1186 aptissimum.
921 1165 960 1168 w
986 1146 1169 1187 Spes-imina
1193 1148 1225 1178 in
1250 1148 1350 1189 Lycia
1371 1148 1454 1179 lecta
1479 1149 1654 1191 hispanicis
1678 1152 1735 1183 iis-

107 1208 184 1238 que,
210 1208 279 1238 quae
303 1197 388 1228 culta
412 1196 492 1236 vidi,
519 1196 635 1227 similia
660 1200 743 1227 sunt.

650 1334 756 1371 SECT.
782 1335 826 1370 II.
883 1334 1183 1372 CALLIGEUM

396 1403 502 1434 ,Fiscln
527 1406 558 1433 et
585 1404 667 1442 Mey.
690 1402 760 1433 Ind.
786 1412 863 1434 sem.
889 1402 968 1434 hort.
992 1404 1153 1445 Petropol.
1177 1404 1322 1445 Xlxinus,
1349 1416 1379 1446 p.
1404 1406 1454 1437 3⁶2.

264 1496 381 1544 Calyx
421 1497 829 1543 quinquebracteolatus,
896 1497 1169 1545 Carpophorum
1210 1499 1349 1534 sessile.
1411 1499 1504 1546 Styli
1549 1501 1735 1538 annulato-

108 1556 321 1603 geuiculati,
357 1556 554 1591 articulati:
590 1556 740 1592 articulo
772 1556 940 1591 inferiore
975 1557 1011 1592 in
1043 1558 1157 1592 fructu
1193 1559 1296 1605 apice
1324 1558 1482 1604 hamato,
1511 1559 1736 1606 longitudine

108 1616 250 1652 articuli
284 1615 480 1662 superioris
522 1615 674 1651 decidui.
728 1616 858 1651 Flores
892 1616 1065 1663 speciosi,
1098 1617 1225 1660 erecti,
1262 1617 1422 1653 coccinei
1457 1618 1513 1654 vel
1546 1620 1645 1655 rubri
1677 1621 1737 1657 Vel

108 1676 244 1721 crocei,
274 1675 406 1722 petalis
435 1675 559 1722 calyce
588 1675 697 1710 multo
722 1675 957 1721 longioribus.

260 1742 312 1774 Ad
336 1743 530 1784 Calligeum‚
556 1743 639 1782 quod
663 1744 809 1784 proxime
834 1743 960 1775 accedit
983 1744 1024 1775 ad
1049 1744 1386 1785 Caryophyllastrum,
1406 1745 1500 1777 modo
1520 1745 1590 1777 duae
1608 1747 1737 1788 species

110 1795 285 1837 pertinent,
310 1804 374 1826 una
398 1794 439 1826 G.
462 1795 597 1825 chilense
621 1794 818 1834 americana,
845 1796 946 1826 altera
970 1795 1010 1827 (τ’.
1034 1797 1203 1827 coccineum
1228 1797 1538 1837 europaeo-asiatica.

137 1900 169 1934 2.
212 1897 342 1934 GEUM
371 1906 537 1933 CHILEN
546 1906 593 1933 SE
622 1897 725 1932 Balb.
751 1897 846 1933 foliis
866 1898 1085 1934 radiealibus
1104 1898 1619 1947 interrupte-pinnatipartitis,
1640 1901 1738 1938 foliis

213 1957 365 1993 caulinis
391 1956 619 1992 inferioribus
646 1956 944 2003 pinnatipartitis,
974 1958 1219 2005 superioribus
1248 1958 1451 2005 tripartitis,
1472 1960 1604 2006 petalis
1624 1961 1738 1996 cocci-

213 2017 290 2052 neis
320 2016 483 2052 rubrisve
511 2015 802 2059 suborbiculatis,
830 2016 1079 2062 emarginatis,
1104 2017 1227 2064 calyce
1255 2018 1364 2053 multo
1391 2018 1633 2065 longioribus3
1662 2032 1739 2055 car-

212 2076 319 2123 pellis
345 2075 591 2122 pssosissimis,
621 2075 707 2122 styli
734 2075 883 2110 articulo
912 2076 1097 2123 superiore
1124 2076 1283 2123 hispido,
1314 2077 1518 2113 inferiorem
1554 2083 1739 2126 aequante;

213 2136 437 2183 carpophoro
465 2134 687 2182 pilosissimo
716 2134 847 2170 sessili.

110 2226 190 2264 Syn.
215 2222 255 2253 G.
280 2223 407 2254 elcilense
430 2225 522 2252 Bam.
547 2224 577 2251 in
601 2223 706 2251 litteris
734 2224 834 2251 1824?
858 2229 905 2257 <ex
923 2224 1043 2261 Meyer).
1068 2224 1168 2252 Hoox.
1192 2228 1221 2252 et
1244 2226 1319 2253 ARN.
1346 2225 1375 2252 in
1400 2225 1495 2252 Hook.
1513 2226 1579 2253 Bot.
1599 2226 1684 2254 Misc.
1703 2227 1738 2260 3,

283 2287 311 2314 p.
337 2276 398 2305 305
424 2280 471 2309 (ex
496 2275 625 2312 Walpers
649 2275 788 2312 Repert.).
804 2291 843 2294 —
859 2275 953 2303 Fisch.
979 2279 1007 2302 et
1034 2275 1150 2304 Trautv.
1175 2276 1238 2304 Iud.
1262 2285 1330 2304 sem.
1355 2276 1380 2304 h.
1399 2277 1513 2314 Petrop.
1531 2277 1591 2315 III,
1609 2288 1635 2315 p.
1655 2278 1694 2306 36
1711 2281 1741 2306 et

283 2329 314 2356 in
349 2328 474 2355 erxAEA
508 2327 579 2360 XII,
616 2337 643 2365 p.
675 2327 724 2355 96.
757 2343 796 2346 -
826 2328 939 2355 MEYER
963 2327 981 2355 l.
1007 2336 1045 2360 0.,
1076 2337 1103 2365 p.
1129 2327 1179 2355 34.
1205 2343 1245 2346 —
1270 2328 1336 2355 Gn
1362 2328 1436 2356 Hist.
1461 2329 1530 2358 fisie.
1555 2339 1572 2367 y
1596 2330 1678 2367 polit.
1705 2330 1740 2358 de

284 2380 360 2407 Chili
386 2381 419 2414 2,
448 2389 474 2417 p.
502 2379 573 2406 276.

220 2428 260 2460 G.
284 2432 450 2460 coceineum
473 2430 570 2459 Liudl.
599 2431 665 2458 Bot.
690 2431 761 2467 Reg.
787 2431 844 2458 tal).
873 2431 954 2458 1088
978 2430 1061 2464 (exel.
1086 2440 1146 2467 syn.
1173 2430 1199 2458 fl.
1225 2430 1340 2465 Graec).

219 2479 260 2511 G.
283 2480 423 2522 Qvellyon
449 2483 540 2510 Sweet
562 2482 634 2510 Brit.
661 2482 732 2509 flow.
758 2482 837 2518 gard.
864 2482 898 2516 3,
925 2486 943 2510 t.
972 2483 1043 2510 29⁵2.

220 2530 261 2563 G.
286 2532 405 2572 eleqcms
428 2534 519 2571 Popp.
545 2533 634 2571 plant.
661 2542 735 2567 exs.‚
761 2533 818 2561 N20
844 2534 914 2561 700.
