2134 3034
440 223 486 255 38
1000 217 1034 253 J.
1063 218 1105 253 E.
1135 218 1417 264 Zmrnnsrnnr,

390 323 469 356 194.
526 320 707 367 Hypatam
742 320 924 354 Sclzreberi
954 319 1075 354 Willd.
1111 342 1160 347 —
1193 320 1349 366 Schilnp.
1384 321 1468 368 Syn.
1503 333 1536 367 p.
1572 323 1654 356 645.
1680 344 1729 348 -
1755 322 1815 357 Br.
1842 334 1913 359 eur.
1945 323 2018 359 tab.

582 380 665 413 (520.
694 400 743 404 —
771 378 910 413 Hartm.
938 377 994 412 Fl.
1023 377 1078 412 ed.
1108 381 1145 419 9,
1175 391 1208 426 p.
1241 381 1274 413 4.

538 456 575 485 In
601 455 691 485 silvis
718 459 749 485 et
772 454 955 485 nemoribus
980 455 1114 494 vulgare
1139 464 1196 495 per
1220 458 1316 485 totam
1341 453 1533 485 Oclandian]
1563 454 1601 484 ab
1632 453 1773 495 Ottenby
1796 455 1838 486 ad
1860 456 1953 488 Beda
1975 475 2015 481 —

385 516 410 537 6.
435 506 470 537 fr.
496 525 524 527 —
559 506 596 536 Α.
622 505 661 535 Μ.
687 505 721 536 ss.

387 576 468 610 195.
524 574 705 622 Ηῃρηωη
730 587 861 621 purum
889 573 932 608 L.
960 595 1009 599 —-
1037 573 1192 620 Schimp.
1213 573 1297 620 Syn.
1319 585 1352 620 p.
1383 575 1466 608 (346.
1494 595 1544 599 —
1567 573 1627 608 ΒΓ.
1656 585 1728 609 eur.
1753 575 1825 610 tab.
1856 577 1939 611 621.
1965 598 2017 602 —

576 633 714 668 Hartm.
742 632 795 668 Fl.
826 631 880 666 ed.
911 633 949 677 9,
978 644 1011 678 p.
1036 634 1070 666 4.

534 710 570 740 In
597 708 686 739 silvis
711 711 743 738 et
769 708 952 739 nemoribus
978 707 1019 738 ad
1043 711 1160 738 terram
1184 707 1330 748 pluribus
1354 707 1450 747 locis,
1475 716 1506 737 V.
1526 716 1553 738 6.
1572 706 1808 749 Ottenbylund‚
1828 709 2015 749 Algutsrum

382 762 413 792 in
443 762 550 802 pineto
580 769 680 801 prope
712 758 878 799 Jordtorp,
913 759 945 789 in
975 759 1058 789 silva
1087 758 1228 788 abietina
1258 758 1339 788 inter
1367 758 1503 798 Saxtorp
1533 761 1564 788 et
1594 758 1746 795 Rolialla,
1776 760 1950 800 Borgholm
1981 761 2014 792 in

382 813 540 853 quercetis
570 811 712 852 pluribus
743 810 834 850 locis,
867 810 898 840 in
924 810 1013 841 silvis
1038 818 1137 850 prope
1161 808 1323 849 Hornsj‘on
1353 809 1605 849 septentrionem
1631 818 1758 851 versus,
1784 811 1875 841 B'oda
1899 811 2014 843 krono-

382 864 462 904 park
485 863 517 894 in
541 862 793 902 Bogateskogen
819 879 857 883 —
882 861 919 891 A.
943 860 983 891 M.
1008 860 1042 891 Β.

384 935 465 969 196.
520 932 701 980 Hypnum
729 938 923 978 tmyescens
951 930 1107 975 Scliiinp.
1125 928 1209 975 Syn.
1225 940 1257 974 p.
1281 930 1363 964 (348.
1381 950 1432 954 -
1450 928 1621 975 Hypnun]
1641 929 1748 964 molle
1763 930 1781 948 ἦ
1799 934 2015 976 turgescens

574 991 712 1026 Hartin.
742 990 796 1024 Fl.
827 988 881 1025 ed.
912 991 949 1032 9,
980 1000 1012 1034 p.
1043 990 1074 1023 (5.
1095 1010 1144 1013 -—
1167 987 1339 1034 Hypnun]
1363 991 1575 1033 turgescens
1594 986 1623 1029 β
1642 988 1861 1034 uliginosum
1881 989 2011 1027 Lindb.

573 1050 609 1085 111
644 1040 724 1084 Ofv.
758 1047 893 1093 Kongl.
934 1046 1014 1081 Vct.
1054 1046 1174 1081 Akad.
1207 1046 1315 1082 Forh.
1349 1045 1418 1081 vol.
1452 1046 1595 1091 XXIII,
1638 1047 1754 1093 suppl.
1787 1059 1820 1094 p.
1850 1050 1933 1083 539.
1961 1071 2013 1074 —

572 1108 744 1155 Hypnuln
772 1106 974 1141 calc-areum
1003 1105 1132 1140 Lindb.
1161 1105 1197 1140 in
1224 1105 1363 1140 Hartm.
1394 1105 1524 1141 exsicc
1553 1117 1586 1139 11.
1616 1106 1699 1140 388.

530 1186 567 1217 111
590 1183 730 1215 humidis
754 1182 923 1222 uliginosis
949 1190 1133 1221 camporum
1156 1181 1385 1220 alvarensiurn,
1411 1180 1571 1221 przecipue
1595 1181 1627 1211 in
1651 1191 1769 1221 magno
1787 1191 1901 1222 campo
1925 1182 2011 1214 dicto

379 1237 508 1268 ”Sodi-a
531 1236 696 1267 Alvaren'⁷
721 1234 863 1275 pluribus
888 1232 983 1269 locis,
1009 1242 1037 1263 v.
1062 1241 1088 1262 6.
1118 1231 1187 1262 Ahs
1213 1231 1303 1262 alvar
1327 1241 1389 1262 non
1412 1241 1524 1272 parce,
1557 1231 1743 1263 G'osslunda
1765 1236 1796 1263 et
1820 1233 1938 1264 Resmo
1965 1234 2011 1265 al-

378 1299 436 1320 var
459 1288 582 1329 passini
612 1286 755 1326 copiose,
785 1283 919 1324 Sandby
950 1284 1054 1322 alvar,
1080 1282 1261 1322 Repplinge
1288 1283 1377 1313 alvar
1400 1292 1500 1323 prope
1525 1283 1688 1322 Trogstad
1711 1293 1818 1324 parce.
1843 1303 1882 1307 —
1906 1285 1944 1316 A.
1968 1285 2010 1316 M.

530 1338 607 1369 Hzec
632 1337 766 1378 pulchra
790 1336 917 1376 species
942 1335 974 1365 in
1000 1334 1124 1364 Har-tm.
1148 1333 1196 1364 Fl.
1221 1337 1467 1364 commemorata
1491 1337 1541 1364 est
1563 1337 1597 1365 ut
1615 1334 1755 1365 varietas
1780 1335 1799 1365 1.
1820 1335 2010 1375 subspecies

378 1391 490 1432 Hylmi
518 1389 640 1425 mollis,
671 1387 755 1428 qnod
779 1387 847 1428 jani
878 1386 969 1417 Doct.
1000 1385 1031 1415 8.
1061 1384 1228 1424 Berggren
1256 1385 1289 1415 in
1319 1383 1546 1415 dissertatione
1575 1385 1764 1417 academica
1796 1386 1934 1426 (Bidrag
1961 1387 2010 1418 till

379 1440 641 1474 Skandinaviens
669 1437 828 1480 lnyologi,
859 1436 952 1468 Lund
982 1436 1078 1476 1866,
1104 1446 1134 1476 p.
1159 1437 1196 1477 5)
1226 1438 1312 1466 recte
1339 1435 1459 1466 monuit
1481 1436 1610 1467 minime
1634 1440 1742 1477 aptum
1767 1446 1851 1469 esse.
1898 1437 2009 1478 Speci-

377 1495 463 1525 mina
494 1490 673 1524 Oelandica
702 1489 745 1520 ad
774 1498 910 1529 unguem
941 1487 1102 1528 quadrant
1130 1496 1200 1517 cum
1231 1486 1448 1526 descriptione
1478 1486 1722 1528 Schiniperiana
1748 1488 1781 1518 in
1811 1488 1953 1529 Synopsi
1977 1491 2009 1520 et

377 1555 448 1576 611111
478 1541 706 1584 speciminibus
737 1539 942 1581 hei-jedalicis
974 1549 993 1569 a
1022 1537 1189 1569 Thedenio
1220 1538 1321 1569 lectis.
1368 1537 1484 1568 Planta
1515 1538 1630 1568 crescit
1653 1538 1685 1569 in
1712 1539 1880 1579 paludosis
1904 1540 2009 1571 calca-

376 1596 440 1627 reis
471 1594 637 1626 Oelandia}
663 1602 725 1623 una
753 1602 824 1622 611111
854 1592 970 1631 IIgspno
995 1590 1179 1629 cuspidato,
1205 1589 1449 1630 Lgseopodioicle,
1473 1590 1663 1629 seorffloide,
1690 1591 1858 1620 Sendtnerz‘
1881 1593 1913 1621 et
1936 1591 2008 1622 aliis

377 1646 496 1677 muscis
527 1644 710 1686 paludosis,
744 1646 776 1674 et
805 1645 888 1673 teste
917 1641 1085 1681 Schimper
1109 1641 1140 1671 in
1166 1640 1307 1681 synopsi
1331 1639 1447 1670 iisdem
1472 1640 1550 1670 locis
1575 1640 1770 1682 Herjedaliae
1794 1642 1906 1682 planta
1929 1651 1949 1673 a
1972 1642 2008 1673 G.

376 1698 405 1729 J.
428 1697 585 1728 Hartman
608 1696 744 1736 primum
772 1696 899 1735 reperta
923 1696 982 1723 est.
1030 1692 1178 1723 Ceterum
1202 1690 1309 1731 quoad
1333 1690 1474 1722 habitum
1499 1695 1530 1722 et
1554 1691 1691 1722 colorem
1716 1696 1767 1723 sat
1789 1693 1964 1724 variabilis.

380 1776 461 1810 197.
516 1774 689 1821 Hypnum.
718 1771 924 1819 scofipioz'des
953 1770 1068 1817 (Dill.)
1103 1792 1152 1795 —-
1185 1768 1341 1814 Schimp.
1375 1767 1459 1815 Syn.
1491 1781 1525 1815 p.
1555 1770 1637 1806 650.
1665 1791 1715 1796 ——
1740 1770 1799 1804 Er.
1829 1781 1901 1805 cur.
1934 1771 2006 1806 tab.

569 1833 652 1867 612.
680 1853 730 1856 —
757 1830 896 1865 Hartm.
924 1829 980 1864 Fl.
1010 1828 1064 1863 ed.
1090 1829 1127 1872 Ε),
1155 1839 1189 1874 p.
1219 1828 1274 1861 19.

528 1910 564 1940 In
588 1907 759 1949 paludibus
785 1910 816 1937 et
839 1906 960 1946 puteis,
986 1904 1147 1945 praecipue
1172 1905 1204 1935 in
1229 1903 1351 1953 campis
1376 1903 1597 1935 alvarensibus
1630 1905 1736 1936 multis
1761 1906 1840 1936 locis
1865 1909 1896 1937 et
1920 1916 2007 1948 saepe

375 1972 439 1993 una
471 1970 541 1991 611111
573 1959 729 1991 subsiinili
754 1960 873 1999 Hypno
904 1956 1150 1998 Lycopoclz'oide,
1181 1965 1210 1986 v.
1239 1964 1265 1986 c.
1295 1955 1364 1986 Ahs
1393 1955 1499 1994 alvar,
1529 1955 1730 1995 Hulterstad,
1761 1956 1947 1988 G‘osslunda
1975 1960 2008 1989 et

376 2014 493 2044 Resnio
516 2012 620 2050 alvar,
646 2010 764 2047 Tveta,
790 2009 989 2048 Algntsrum,
1016 2007 1197 2047 Repplinge
1223 2009 1255 2037 et
1277 2005 1466 2046 Borgholms
1483 2007 1584 2045 alvar,
1605 2006 1784 2047 Trogstad,
1804 2008 1886 2038 inter
1902 2009 2006 2049 Trog-

375 2064 447 2096 stad
471 2066 502 2094 et
526 2062 672 2103 Keping,
697 2059 872 2100 Borgholm
896 2059 927 2089 in
952 2057 1121 2099 paludibus
1144 2057 1227 2087 infra
1253 2066 1373 2096 arcem,
1398 2056 1506 2087 Horns
1531 2057 1630 2088 alvar.
1655 2077 1697 2081 —
1719 2057 1758 2089 A.
1782 2059 1824 2090 M.
1847 2059 1883 2090 B.

377 2135 458 2169 198,
513 2129 765 2179 fflylocomium
795 2128 979 2176 sgrdendens
1008 2126 1122 2173 (Dill.)
1144 2149 1192 2152 —
1213 2126 1368 2172 Schimp.
1398 2125 1482 2172 Syn.
1511 2137 1544 2171 p.
1575 2127 1657 2161 (352.
1677 2148 1728 2153 —
1746 2127 1805 2163 ΒΓ.
1834 2140 1906 2164 eur.
1932 2130 2003 2166 tab.

566 2190 650 2224 487.
678 2210 728 2213 —
755 2188 926 2234 Hypnun]
953 2186 1161 2233 111-0111611161
1188 2185 1328 2220 Hartm.
1355 2185 1385 2220 F
1388 2185 1409 2220 1.
1438 2184 1493 2219 ed.
1524 2186 1560 2230 9,
1589 2197 1622 2232 p.
1652 2187 1685 2222 4,

525 2267 562 2298 In
587 2265 677 2297 silvis
702 2268 734 2295 et
759 2263 940 2294 nemoribus
965 2263 1099 2303 vulgare
1123 2271 1181 2303 per
1204 2265 1301 2293 totam
1325 2260 1518 2293 Oelandiam
1541 2261 1580 2292 ab
1606 2261 1746 2303 Ottenhy
1770 2262 1812 2293 ad
1837 2263 1938 2295 B'oda.
1960 2282 2004 2287 —

372 2321 409 2351 A.
434 2319 475 2350 M.
500 2319 537 2349 B.

375 2391 456 2424 199.
511 2385 765 2435 Hylonomz'um
792 2385 1035 2419 brevirostrmn
1065 2382 1202 2429 (Ellrh.)
1231 2404 1281 2408 --
1309 2381 1465 2427 8611111111.
1493 2380 1578 2428 Syn.
1607 2393 1640 2428 p.
1672 2383 1754 2417 655.
1773 2404 1825 2409 ——
1849 2383 1909 2419 ΒΓ.
1930 2395 2001 2422 eur.

560 2446 632 2481 tal).
661 2445 745 2480 493.
772 2465 822 2468 —
849 2443 1020 2490 Hypnuni
1048 2440 1265 2476 brevirostre
1291 2462 1343 2466 —
1369 2440 1508 2475 Hartm.
1536 2440 1591 2475 Fl.
1620 2440 1675 2475 ed.
1705 2442 1743 2484 9,
1771 2453 1805 2488 p.
1836 2444 1892 2478 13.

522 2522 559 2552 In
584 2521 741 2552 umbrosis
766 2528 837 2550 raro
861 2522 892 2549 et
915 2521 1038 2549 tantum
1062 2521 1218 2559 repertun]
1240 2517 1271 2548 in
1298 2516 1390 2547 Boda
1407 2516 1594 2557 kronopark
1613 2516 1655 2547 ad
1672 2516 1797 2557 lapides
1815 2519 1847 2550 in
1863 2519 2001 2560 Bogate-

371 2573 497 2613 skogen
521 2572 614 2603 unico
639 2573 722 2611 loco,
747 2570 800 2601 ubi
823 2573 930 2600 tamen
955 2572 1006 2600 sat
1029 2569 1208 2600 abundans.
1231 2587 1274 2591 —
1296 2568 1332 2599 B.
