2134 3034
615 209 734 245 Mnsffl
763 219 806 246 ET
835 211 1041 249 HEPATmAE
1070 214 1290 251 OELANDIAE.
1669 224 1711 257 11

145 309 200 342 12.
254 307 468 342 Dim-amella
493 309 593 343 varia
622 310 696 355 (H.)
725 333 774 337 ——
802 311 957 359 Sohimp.
986 313 1070 360 Syn.
1100 327 1132 361 p.
1164 316 1220 350 72.
1245 338 1294 342 —
1317 316 1513 353 Dicranum
1541 320 1677 356 varium
1706 321 1764 356 ΒΓ.

306 376 377 400 cur.
405 366 475 402 tab.
506 369 569 411 57,
601 370 658 402 58.
686 390 737 394 —
764 369 902 405 Hartrn.
932 371 986 406 ΕΙ.
1015 372 1068 406 cd.
1095 374 1131 413 9,
1160 385 1194 420 p.
1226 375 1282 408 ΤΟ.

290 432 326 462 In
351 435 436 462 terra.
457 432 542 463 nuda
567 434 755 472 argillacea,
779 435 819 465 ad
845 437 1006 476 margines
1032 439 1188 470 fossarum
1217 441 1325 471 multis
1354 441 1431 472 loeis
1462 452 1490 474 v.
1515 452 1540 474 c.
1565 431 1633 475 Alis
1659 445 1764 484 alvar,

138 482 367 522 Fiirjestadcn,
393 482 547 522 Ekcrum,
573 484 663 514 B'oda
688 484 872 525 kronopark
896 505 938 509 —
959 497 984 518 c.
1008 489 1043 519 fr.
1070 508 1108 511 —
1132 490 1169 520 A.
1193 491 1233 522 M.
1257 491 1292 522 B.

142 560 198 593 13.
253 559 466 593 Dim-miella
498 560 721 595 heteromalla
758 561 832 607 (H.)
871 584 915 589 —
948 563 1103 611 Schimp.
1139 566 1222 612 Syn.
1249 578 1281 613 p.
1315 569 1369 602 75.
1395 590 1444 594 —-
1477 568 1676 605 Dicrauum
1703 571 1763 606 he-

306 617 530 652 teromallnm
557 618 616 652 ΒΓ.
647 629 718 655 enr.
750 620 820 654 tab.
851 622 908 655 62.
937 644 986 647 --
1013 622 1150 658 Hartm.
1177 624 1232 659 Fl.
1261 624 1314 661 ed.
1345 628 1382 670 9,
1411 638 1444 672 p.
1476 628 1531 662 70.

289 682 340 713 Ad
364 684 526 723 margines
551 684 708 715 fossarum
732 685 765 716 in
789 685 1008 728 Ottenbylund
1032 699 1094 719 non
1118 700 1216 730 parce
1239 710 1278 713 —
1303 701 1329 722 c.
1351 692 1387 723 fr.
1411 711 1448 716 —
1475 694 1513 724 A.

141 761 196 794 14.
250 757 457 794 Dicrammz
486 767 695 795 montanum
722 761 767 796 H.
791 783 840 788 —
858 762 1014 810 Schimp.
1043 764 1127 811 Syn.
1156 778 1188 812 p.
1219 769 1275 803 81.
1300 790 1348 795 —
1369 769 1428 804 ΒΓ.
1456 782 1526 807 eur.
1547 771 1618 806 tab.
1641 773 1697 806 67.
1713 793 1763 797 —

303 817 440 853 Hartm.
470 818 524 853 Fl.
555 818 610 856 ed.
641 821 678 864 9,
708 831 740 865 p.
771 822 827 856 68.

287 891 338 922 Ad
370 897 497 924 truncos
531 893 676 934 putridos
708 894 847 925 abietum
878 898 909 925 et
938 895 979 925 ad
1010 898 1126 928 terram
1157 899 1308 930 silvarum
1338 901 1478 940 pluribus
1510 904 1601 944 loeis,
1627 915 1656 935 v.
1681 914 1707 935 c.
1731 904 1763 935 in

137 942 219 972 silva
252 942 334 973 inter
368 943 496 974 Saxniis
525 947 556 974 et
585 944 734 985 Rohalla,
767 945 825 976 sed
854 947 1014 988 praecipuc
1043 948 1173 988 copiose
1205 949 1342 982 diversis
1373 952 1450 983 locis
1475 954 1507 984 in
1534 954 1624 984 Boda
1648 954 1762 985 krono-

136 993 219 1034 park
244 1012 284 1016 ——
308 994 349 1024 M.
373 994 409 1024 B.

137 1072 192 1106 15.
247 1072 454 1106 Dz'cramwn
471 1072 656 1118 ιΓῖαιᾳθῖἰανε
682 1071 726 1107 H.
754 1094 802 1098 ——
827 1072 983 1120 Schimp.
1013 1074 1098 1121 Syn.
1126 1088 1159 1122 p.
1191 1079 1247 1112 82.
1275 1100 1325 1104 ——
1348 1078 1407 1113 ΒΓ.
1435 1090 1506 1114 eur.
1533 1080 1602 1114 tab.
1630 1081 1686 1115 68.
1711 1101 1762 1106 -

300 1130 437 1166 Hartm.
465 1129 519 1166 Fl.
549 1129 603 1164 ed.
634 1132 672 1175 9,
701 1142 734 1176 p.
764 1132 820 1167 68.

284 1196 335 1228 Ad
365 1200 482 1228 terram
512 1200 543 1227 et
573 1196 614 1227 ad
642 1199 771 1228 truncos
802 1197 947 1238 putridos
979 1200 1130 1232 silvarum
1160 1202 1303 1242 pluribus
1328 1204 1422 1244 locis,
1447 1214 1476 1234 v.
1500 1214 1526 1235 c.
1550 1204 1582 1235 in
1608 1203 1760 1244 Ottenby-

133 1248 225 1288 lund,
249 1248 280 1278 in
306 1248 387 1279 silva
411 1247 551 1278 abietina
574 1247 656 1278 inter
680 1247 807 1279 Saxn'zis
833 1251 863 1279 et
887 1249 1024 1282 Roh‘zilla
1046 1252 1174 1292 copiose
1197 1256 1230 1283 at
1253 1263 1350 1293 parce
1374 1254 1583 1295 fructificans,
1613 1255 1645 1286 in
1670 1255 1760 1286 silvis

133 1299 282 1339 paroeciae
306 1299 437 1339 H'ogby,
463 1298 494 1328 in
519 1298 611 1329 Beda
634 1298 820 1340 kronopark
848 1319 888 1323 —
913 1310 939 1332 c.
961 1302 996 1332 fr.
1020 1320 1062 1324 —
1085 1303 1123 1334 A.
1147 1303 1188 1334 M.
1212 1304 1246 1334 Β.

136 1379 192 1412 16.
245 1377 453 1411 Βὶσναηῖιηι
480 1375 697 1423 Zongyzfolizmz
724 1375 770 1411 H.
795 1398 846 1403 —
872 1376 1028 1424 Schimp.
1055 1378 1139 1426 Syn.
1164 1391 1197 1426 p.
1223 1382 1280 1417 84.
1299 1402 1350 1407 —
1374 1381 1433 1416 Br.
1454 1393 1524 1418 eur.
1544 1383 1615 1418 tab.
1639 1385 1694 1418 72.
1710 1405 1760 1409 ——

298 1435 437 1470 Hartin.
466 1433 520 1468 Fl.
551 1434 604 1470 ed.
636 1435 671 1479 9,
697 1446 731 1481 p.
762 1437 818 1471 68.

284 1509 335 1541 Ad
360 1519 439 1540 saxa
463 1509 599 1540 erratica
622 1510 764 1549 pluribus
787 1511 881 1551 locis,
906 1521 935 1542 v.
960 1521 986 1542 c.
1014 1512 1132 1543 Rcsmo
1157 1513 1260 1552 alvar,
1287 1513 1445 1554 Grfiborg,
1470 1515 1552 1546 inter
1576 1515 1671 1547 δῖοι-ει
1695 1517 1760 1547 Roi-

133 1565 165 1594 et
187 1562 295 1602 Ralla,
320 1561 352 1592 in
377 1559 535 1600 quercetis
559 1560 641 1590 inter
664 1560 838 1600 Borgholm
864 1564 895 1592 et
924 1571 1040 1594 arcem.
1086 1563 1321 1595 Tantummodo
1350 1565 1382 1596 in
1414 1566 1502 1597 saxis
1532 1566 1757 1607 granitoideis,

131 1623 303 1653 numquam
325 1612 357 1643 in
381 1611 481 1652 petris
505 1611 674 1651 calcarcis,
701 1612 817 1642 lectum
841 1616 900 1644 est.

135 1692 191 1725 17.
246 1689 452 1724 Dicrammz
475 1689 672 1736 fuscescens
701 1702 773 1724 var.
805 1703 818 1725 ε
853 1691 1047 1725 εῖννῖιατῑωη
1080 1690 1235 1737 Schimp.
1272 1692 1355 1739 Syn.
1390 1704 1421 1738 p.
1458 1695 1514 1728 87.
1542 1715 1593 1719 —
1619 1693 1758 1729 Hartm.

299 1747 354 1783 Fl.
383 1747 436 1783 ed.
468 1750 505 1792 9,
534 1759 566 1794 p.
598 1749 655 1782 67.
682 1769 733 1774 —
760 1748 957 1783 Dim-anum
985 1749 1255 1785 Miihlenbeckii
1282 1763 1356 1786 var.
1385 1751 1610 1787 brevifolium
1627 1751 1757 1786 Lindb.

298 1807 334 1842 in
360 1806 499 1842 Hartm.
530 1806 659 1842 exsicc.
686 1818 720 1841 n.
751 1808 834 1842 367.

280 1883 317 1913 In
340 1882 463 1922 campis
488 1881 643 1912 calcar-eis
668 1881 879 1914 sterilissimis
905 1883 1072 1914 Oelandiae
1098 1882 1146 1921 (S.
1171 1882 1208 1914 Ο.
1232 1883 1396 1923 Lindberg
1419 1884 1439 1915 l.
1464 1884 1515 1923 c.).

281 1933 359 1964 Haec
389 1933 501 1973 planta
529 1942 549 1962 a
578 1932 724 1962 Dicrmzo
743 1934 939 1971 fuscescente
963 1935 1065 1973 typico
1091 1934 1319 1974 aliquantulum
1346 1934 1519 1975 discrepat,
1546 1934 1605 1965 sed
1626 1934 1668 1965 ad
1691 1936 1758 1966 Di-

130 1996 264 2015 cranum
287 1983 530 2019 Mz'zhlenbeekz'i‚
555 1985 588 2013 ut
611 1982 688 2013 mihi
711 1983 852 2023 videtur,
877 1984 930 2014 vix
954 1984 1123 2015 referenda
1147 1988 1206 2015 est.
1251 1985 1467 2025 Distinguitur
1497 1995 1559 2016 non
1587 1986 1689 2016 solum
1713 1985 1759 2016 fo-

130 2036 182 2067 liis
206 2034 405 2066 brevioribus
428 2034 532 2064 minus
558 2033 723 2074 crispatis,
750 2034 806 2064 scd
832 2034 928 2065 etiam
949 2035 1013 2065 tela
1037 2035 1168 2066 basilari
1192 2036 1348 2067 cellulosa
1372 2036 1475 2067 minus
1505 2037 1580 2067 laxa
1603 2036 1756 2076 aliterque

132 2089 315 2117 constructa
349 2088 380 2116 et
417 2084 501 2115 foliis
528 2084 632 2115 minus
666 2085 1018 2117 convoluto-tribulosis.
1064 2086 1100 2117 In
1135 2086 1242 2117 media
1277 2090 1308 2117 et
1343 2087 1476 2118 australi
1505 2086 1662 2118 Oelandia
1696 2088 1757 2119 for-

130 2142 219 2168 tasse
246 2136 344 2176 viget.

134 2216 190 2250 18.
244 2213 452 2248 Dicramcm
480 2213 677 2258 scopao'z'nm
708 2211 779 2257 (L.)
805 2233 856 2238 —
883 2212 1039 2259 Schimp.
1069 2213 1153 2261 Syn.
1182 2226 1215 2260 p.
1247 2216 1304 2251 89.
1329 2236 1379 2241 —-
1407 2214 1466 2249 ΒΓ.
1495 2225 1565 2251 eur.
1593 2214 1665 2248 tab.
1694 2215 1754 2259 74,

301 2272 356 2306 75.
385 2293 434 2297 -—
462 2270 601 2305 Hartm.
630 2270 684 2305 Fl.
713 2270 767 2305 ed.
799 2272 836 2315 9,
864 2282 898 2317 p.
929 2273 986 2306 67.

280 2338 358 2368 Haec
379 2338 506 2378 species
529 2336 666 2367 maxime
689 2337 868 2376 variabilis,
894 2337 936 2368 ad
959 2342 1076 2369 terram
1106 2341 1137 2368 et
1159 2348 1240 2369 saxa
1257 2348 1424 2379 crescens,
1447 2349 1504 2379 per
1521 2342 1621 2370 totam
1638 2339 1754 2370 Oelan-

133 2389 218 2420 diam
243 2389 281 2419 ab
306 2387 446 2430 Ottenby
470 2388 511 2419 ad
534 2386 625 2418 Beda
649 2388 792 2427 vulgaris
817 2392 867 2419 est
890 2407 929 2411 ——
954 2398 979 2419 c.
1002 2389 1039 2420 fr.
1060 2406 1103 2410 —
1125 2389 1163 2420 A.
1187 2389 1228 2420 M.
1252 2389 1287 2420 B.

131 2468 187 2501 19.
242 2466 449 2501 Dicramzm-
477 2466 592 2512 majus
631 2464 741 2499 Turn.
767 2486 818 2491 —
844 2463 998 2510 Schimp.
1027 2464 1111 2511 Syn.
1138 2476 1172 2511 p.
1203 2466 1260 2502 90.
1284 2487 1334 2491 —
1358 2465 1416 2501 ΒΓ.
1446 2477 1517 2501 eur.
1537 2467 1607 2502 tab.
1629 2467 1686 2502 85.
1705 2487 1754 2492 —-

294 2523 431 2559 Hartm.
458 2523 513 2558 Fl.
543 2523 597 2559 ed.
628 2524 666 2567 9,
695 2535 728 2569 p.
759 2524 816 2559 67.
