2134 3034
430 169 477 202 48
1007 166 1052 201 N.
1082 165 1166 202 JOH.
1196 165 1383 212 Scflnurz,

380 268 537 308 gioribus‚
562 267 748 308 plerumque
777 266 852 298 inde
884 277 903 297 a
933 266 1002 298 basi
1027 276 1128 306 usque
1151 266 1193 297 ad
1218 267 1344 308 apicem
1367 268 1688 309 barbato-plumosis,
1713 269 1839 301 circiter
1864 270 1884 310 ἑ
1907 270 2011 310 longi-

379 319 499 350 tudinis
524 318 714 349 articulatis.
739 336 780 340 -—
804 318 949 357 Longius
975 317 1074 348 distat
1100 317 1138 349 G.
1164 318 1358 357 silvaticum,
1383 319 1466 359 quod
1491 323 1522 350 et
1545 320 1585 351 ab
1611 320 1670 351 hoe
1694 323 1725 351 et
1742 331 1761 351 a
1778 320 1815 352 G.
1833 321 2009 362 pyrenaico

380 370 486 401 differt
511 369 715 410 carpophoro
741 368 890 400 distincto
916 369 1051 409 aliisque
1074 369 1167 400 notis.

535 432 606 461 obs.
631 429 660 461 2.
708 429 809 460 Geum
837 428 1023 460 inclinatum
1051 422 1091 459 ex
1115 429 1265 469 opinione
1290 431 1348 461 cel.
1374 431 1523 462 KERNER
1548 433 1598 461 est
1620 430 1715 461 modo
1740 430 1876 472 hybrida
1893 440 2010 472 proge-

379 482 448 513 nies
471 492 511 512 ex
535 481 574 512 G.
598 481 697 511 rivali
723 484 754 511 et
777 480 816 511 G.
841 485 1000 511 montano.
1046 479 1115 511 Hoc
1140 490 1214 511 vero
1238 481 1384 521 plurimis
1409 482 1487 513 locis
1517 483 1596 513 satis
1628 483 1757 523 copiose
1786 482 1902 513 lectum
1927 492 2010 513 sem-

378 543 435 575 per
470 534 633 564 conforme
668 535 718 563 est
747 535 778 562 et
806 531 838 562 in
868 531 966 562 hortis
997 532 1192 572 persistens,
1222 542 1320 572 quare
1349 542 1419 563 cum
1448 533 1591 573 plurimis
1616 533 1799 565 auctoribus
1824 533 2009 564 distinctum

380 585 518 616 servavi.
543 603 585 607 —
607 583 703 615 Aliud
727 583 859 624 insuper
883 582 918 614 C.
942 582 1093 613 KERNER
1117 582 1271 613 describit
1293 583 1325 614 in
1351 584 1486 615 OEsterr.
1512 585 1572 615 bot.
1596 584 1733 624 Zeitung
1761 585 1856 623 1867,
1882 595 1912 624 p.
1933 584 2010 622 105,

378 635 479 666 Gemn
502 636 673 675 tyrolense,
699 634 784 674 quod
809 644 828 666 a
852 633 891 665 G.
915 634 1069 664 inclinato
1099 633 1227 664 differat
1255 634 1340 673 (vide
1369 635 1463 676 infra)
1484 639 1515 666 et
1539 636 1598 667 hoc
1623 635 1791 677 hybridum
1815 645 1889 667 esse
1914 635 2009 667 facile

379 686 556 725 credimus,
582 696 652 717 cum
676 686 873 727 paucissima
896 689 1017 716 tantum
1040 686 1122 716 lecta
1147 685 1211 716 sint
1234 687 1440 727 exemplaria.
1488 687 1554 719 Cel.
1580 688 1731 719 KERNER
1761 687 1820 718 hoc
1843 687 1936 718 modo
1962 686 2010 718 di-

380 738 515 778 stinguit
538 738 557 769 l.
583 748 610 769 c.
636 738 675 768 G.
700 738 889 767 inclinatum
913 740 944 767 et
969 736 1008 767 G.
1032 737 1205 776 tyrolense:

530 798 631 829 Geum
660 798 865 833 inclinatum,
897 796 994 828 flores
1026 797 1176 837 expansi,
1202 797 1310 838 petala
1332 799 1443 838 patula
1468 798 1722 835 suborbiculata..
1747 799 1778 830 in
1804 797 2010 837 unguieulum

378 849 602 881 brevissimum
630 849 733 880 subito
759 852 939 886 contracta,
965 849 1079 888 sepala
1102 858 1212 889 parum
1231 849 1430 880 excedentia.
1478 849 1585 880 Rostri
1604 850 1755 880 articulus
1773 849 1904 880 inferior
1923 849 2010 880 elon-

379 905 489 941 gatus,
512 901 638 932 12-:20
654 911 737 932 m.m.
759 902 873 940 longus
898 900 990 931 sicuti
1015 900 1166 931 articulus
1191 900 1337 940 superior
1360 905 1427 931 tota
1450 901 1649 940 longitudine
1672 901 1747 942 pilis
1765 901 1871 941 longis
1889 900 2009 931 tenuis-

379 953 468 984 simis
494 952 630 983 ciliatus.

535 1013 634 1043 Geum
660 1012 816 1051 tyrolense
840 1010 936 1051 (quod
962 1010 1057 1041 etiam
1081 1011 1232 1042 KERNER
1256 1012 1400 1052 appellat
1427 1012 1464 1044 G.
1490 1012 1922 1052 superrivale-montanmn),
1953 1010 2009 1042 flo-

378 1074 430 1095 res
456 1063 689 1104 eampanulati,
712 1063 821 1104 petala
845 1066 967 1102 erecta,
994 1062 1131 1093 obovata
1155 1063 1185 1093 in
1211 1073 1348 1103 unguem
1375 1074 1524 1104 magnum
1550 1073 1675 1094 sursum
1694 1067 1874 1103 attenuata,
1894 1063 2008 1103 sepala

378 1116 549 1156 aequantia..
596 1115 745 1146 Rostrum
771 1114 903 1145 inferius
927 1114 1012 1145 5—ss
1037 1124 1120 1146 m.m.
1150 1116 1279 1155 longum
1311 1115 1403 1147 sicuti
1434 1116 1586 1147 articulus
1617 1115 1764 1156 superior
1787 1115 1913 1156 apicem
1937 1123 2008 1145 ver-

378 1177 433 1198 sus
458 1167 579 1207 glaber.

530 1219 699 1259 Perpauca
725 1217 762 1248 G.
790 1218 958 1256 tyrolensis
983 1217 1160 1257 specimina
1184 1217 1266 1248 lecta
1293 1217 1335 1248 ad
1359 1218 1495 1248 rivulum
1518 1218 1659 1258 alpinum
1683 1218 1800 1249 montis
1829 1216 2008 1248 Patschen-

377 1271 464 1302 kofel
488 1280 588 1311 prope
613 1270 847 1310 OEnipontium,
873 1268 995 1299 altitud.
1021 1268 1106 1300 (3000
1130 1268 1217 1309 ped.,
1244 1269 1313 1300 solo
1339 1269 1508 1300 schistoso.

531 1332 602 1360 Obs.
626 1331 655 1361 3.
702 1331 790 1361 Inter
814 1329 884 1360 Gea
908 1328 1061 1369 hybrida,
1086 1337 1156 1368 quae
1179 1338 1199 1359 a
1223 1329 1551 1361 TIMBAL-LAGRAVE
1579 1330 1610 1360 in
1634 1329 1772 1361 Bulletin
1803 1329 1844 1360 de
1872 1329 1905 1360 la
1935 1327 2008 1360 Soc.

377 1382 490 1413 Botan.
521 1381 561 1412 de
590 1382 715 1412 France
749 1382 844 1421 1869,
875 1380 1064 1421 Appendix3
1095 1380 1222 1411 session
1253 1381 1431 1422 exn-amu„
1462 1392 1491 1422 p.
1516 1382 1701 1413 XII—XIV
1726 1381 1915 1419 afferuntur,
1939 1380 2009 1411 haec

378 1443 504 1474 quoque
529 1437 618 1464 sunt:

468 1495 492 1525 1.
529 1494 569 1524 G.
593 1492 879 1531 montano-rivale,
905 1490 990 1531 quod
1014 1490 1098 1522 idem
1123 1496 1212 1524 esset
1235 1503 1273 1523 ac
1298 1494 1339 1524 G.
1354 1493 1526 1532 hybridam
1542 1492 1662 1524 WULF.
1684 1496 1716 1523 et
1734 1493 1851 1530 JACQ.,
1872 1501 2007 1532 quocum

528 1545 626 1575 etiam
651 1543 688 1574 G.
711 1544 901 1574 inclinatum
926 1542 1118 1574 SCHLEIOH.
1144 1544 1357 1585 conjungitur.

464 1605 492 1636 2.
529 1606 569 1635 G.
594 1604 876 1641 silvatico-rivale,
907 1602 992 1643 quod
1022 1607 1071 1634 est
1101 1603 1140 1634 G.
1171 1605 1422 1634 Thomasz'anum
1446 1604 1527 1635 SER.
1561 1604 1887 1635 TIMBAL-LAGRAVE
1911 1602 2008 1643 igitur

528 1659 640 1687 censet
669 1655 707 1686 G.
737 1654 991 1686 Thomasianum
1013 1654 1080 1686 Ser.
1106 1665 1179 1686 esse
1210 1655 1394 1686 distinctum
1424 1665 1443 1686 a
1474 1655 1511 1687 G.
1543 1656 1696 1686 inclinato
1728 1654 1888 1686 Schleich.
1933 1654 2007 1686 Plu-

530 1708 600 1738 rimi
626 1716 701 1738 vero
727 1710 877 1746 censent,
897 1706 934 1737 G.
948 1707 1137 1737 inclinatum
1161 1706 1322 1738 Schleich.
1346 1710 1377 1737 et
1401 1707 1439 1738 G.
1458 1707 1712 1738 Thomasianum
1729 1706 1798 1738 Ser.
1817 1715 1891 1737 esse
1910 1716 2006 1737 unam

530 1758 729 1799 eandemque
754 1759 906 1799 speciem.

529 1821 600 1850 Obs.
624 1819 654 1849 4.
700 1818 850 1859 Species,
880 1828 950 1858 quaa
981 1821 1055 1849 sunt
1085 1817 1198 1848 mediae
1228 1818 1310 1848 inter
1340 1818 1420 1849 duas
1450 1819 1548 1856 alias,
1578 1819 1763 1859 plerumque
1788 1827 1872 1848 nunc
1896 1817 2005 1848 existi—

377 1875 503 1902 mantur
527 1870 685 1911 hybridae,
712 1873 743 1900 et
776 1871 880 1901 multae
905 1870 986 1901 tales
1011 1870 1135 1910 formae,
1161 1879 1238 1900 cusu
1264 1873 1355 1910 ortae,
1382 1874 1456 1901 sunt
1479 1870 1574 1901 modo
1599 1870 1720 1909 dignae,
1751 1879 1821 1909 quae
1850 1869 1907 1900 sub
1933 1878 2006 1910 spe-

377 1923 488 1954 ciebus
512 1922 673 1963 primariis
706 1925 906 1953 annotentur.
954 1921 1046 1958 Quod
1078 1921 1105 1952 si
1136 1921 1296 1962 copiosius
1327 1922 1476 1961 leguntur
1506 1931 1696 1962 semperque
1725 1925 1818 1952 acute
1848 1920 2005 1961 limitatae,

378 1974 540 2015 (hybridae
565 1974 635 2004 sine
662 1973 814 2004 limitibus
839 1973 1024 2014 plerumque
1048 1972 1210 2004 confluunt
1234 1983 1303 2003 cum
1329 1974 1528 2014 parentibus)
1553 1973 1683 2014 propria
1711 1972 1847 2004 historia
1874 1974 2006 2012 vegeta-

377 2026 473 2058 tionis
503 2029 535 2056 et
563 2025 786 2056 distributione
816 2024 1036 2065 geographica
1066 2023 1209 2064 gaudent
1239 2028 1333 2064 atque
1359 2034 1375 2055 e
1405 2025 1581 2056 seminibus
1609 2024 1703 2055 facile
1727 2024 1920 2064 educuntur,
1946 2033 2004 2064 pro

377 2078 462 2110 veris
488 2077 656 2118 speciebus
684 2076 876 2117 habeantur,
902 2079 951 2107 est
974 2076 1059 2107 enim
1082 2075 1285 2106 temerarium
1309 2077 1340 2107 in
1366 2076 1558 2116 genealogia
1583 2075 1791 2117 hybridarum
1808 2074 2006 2116 exploranda

376 2128 530 2160 intricari.
577 2128 710 2169 Species
736 2131 767 2158 et
791 2128 919 2169 plantas
944 2127 1099 2169 hybridas
1128 2127 1172 2158 ita
1201 2127 1446 2167 distinguendas
1478 2136 1663 2158 censemus:
1694 2127 1821 2168 species
1850 2127 1930 2167 ipsae
1955 2136 2006 2157 se-

376 2180 462 2211 mina
486 2179 678 2221 producunt,
696 2189 725 2210 1e
749 2180 862 2220 quibus
893 2179 1002 2210 formae
1031 2178 1152 2210 similes
1182 2179 1301 2219 plantae
1330 2183 1483 2210 maternae
1512 2179 1668 2219 oriantur,
1699 2188 1795 2219 quum
1819 2181 1931 2210 contra.
1955 2188 2005 2209 se-

376 2233 463 2263 mina
486 2231 695 2273 hybridarum
720 2231 893 2271 abortiunt,
918 2230 981 2261 nisi
1005 2230 1177 2261 fecundata
1201 2230 1317 2262 fuerint
1341 2231 1379 2261 ab
1403 2230 1505 2261 altera
1533 2233 1716 2271 parentum,
1751 2229 1793 2261 ad
1822 2240 1902 2271 quas
1926 2233 2005 2261 tem-

376 2284 465 2324 poris
489 2292 666 2324 progressu
690 2283 746 2314 tali
770 2281 866 2313 modo
892 2281 1013 2313 sensim
1036 2284 1205 2312 transeunt
1228 2285 1260 2312 et
1283 2282 1375 2322 quasi
1400 2282 1544 2313 redeunt.

378 2404 434 2438 28.
477 2401 609 2438 GEUM
644 2410 845 2438 CAPENSE
879 2401 1020 2437 Thunb.
1049 2401 1145 2436 foliis
1173 2401 1390 2437 radicalibus
1417 2401 1849 2449 lyrato-piunatipartitis,
1870 2402 2004 2438 lacinia

478 2461 656 2497 terminali
684 2461 855 2504 maxima,
885 2460 1275 2507 ovato-subreniformi3
1303 2462 1399 2497 foliis
1428 2461 1579 2497 caulinis
1612 2461 1750 2508 parvis,
1780 2461 2004 2508 simplicibus

479 2521 621 2567 incisis;
648 2521 780 2567 petalis
808 2520 912 2556 flavis
939 2520 1325 2566 rotundato-obovatis,
1354 2522 1478 2569 calyce
1499 2532 1642 2568 semper
1661 2526 1780 2557 erecto
1800 2522 1875 2556 fere
1895 2521 2004 2568 duplo
