2134 3034
423 164 471 198 40
992 159 1036 194 N.
1065 158 1150 194 ιἸΟΗ.
1180 159 1366 204 Sennu‘rz,

371 262 561 304 pedunculis
587 261 765 292 uncialibus
793 265 824 292 et
847 262 943 299 ultra,
971 261 1103 291 villosis.
1151 260 1254 301 Calyx
1277 261 1548 301 piloso-villosus,
1573 260 1701 298 viridis,
1726 261 1757 291 in
1781 261 1886 292 fructu
1908 260 1999 301 paul-

371 315 434 345 lum
459 313 612 351 reflexus,
637 313 763 343 laciniis
789 312 908 350 ovatis,
932 312 1103 343 bracteolis
1128 312 1289 343 multoties
1314 312 1497 353 majoribus.
1543 312 1657 343 Petala
1685 312 1908 343 verosimiliter
1933 312 2001 352 pal-

371 365 435 396 lide
460 374 634 406 purpurea,
660 364 750 394 venis
782 363 954 403 inscripta,
984 363 1051 394 fere
1083 363 1235 401 obovata,
1265 363 1645 402 breviter-unguieulata‚
1675 363 1795 394 lamina
1819 364 1872 394 vix
1897 372 2000 394 emar-

371 416 491 456 ginata.
539 414 779 456 Carpophorum
806 415 918 455 calyce
942 414 1085 453 b1·evius‚
1114 415 1352 456 pilosissimum.
1400 414 1548 455 Carpella
1573 423 1759 452 numerosa,
1783 414 2000 455 piloso-hirta,

371 468 472 498 arista
496 467 646 498 uncinata
670 467 854 505 terminata,
881 466 955 507 styli
979 467 1111 497 articulo
1129 466 1291 506 superiore
1310 466 1456 506 plumoso
1478 466 1570 505 apice
1589 465 1709 505 glabro.
1727 484 1768 488 —
1787 465 1834 496 Ab
1854 465 2000 496 omnibus

371 518 631 560 Caryophyllatis
662 518 761 559 primo
790 518 904 548 intuitu
933 517 1139 558 distinguitur
1165 517 1274 548 habitu
1303 517 1398 556 longe
1430 516 1574 555 diverso,
1605 516 1736 548 floribus
1766 517 1914 557 foliisque
1939 520 1999 548 etc.

729 671 834 707 SECT.
863 671 908 707 V.
962 669 1636 708 PSEUDO-CARYOPHYLLATA

504 757 612 788 Fisch.
638 760 668 787 et
692 757 775 798 Mey.
799 756 871 788 Ind.
896 767 972 788 sem.
999 756 1078 787 hort.
1104 756 1232 796 Petrop.
1256 756 1306 787 XI
1329 756 1481 795 (exclusis
1506 756 1603 786 variis
1628 755 1799 796 speciebus
1825 755 1866 786 ad

936 807 1276 839 Pseudo-Sieversiam
1302 808 1432 847 relatis).

523 903 642 950 Calyx
668 901 1086 948 quinquebraetcolatus,
1116 901 1260 948 patulus
1288 900 1346 935 vel
1372 905 1511 947 patens.
1567 899 1839 947 Carpophorum
1860 901 2000 937 sessile.

371 964 461 1011 styli
490 961 887 1008 mundato—geniculati,
918 961 1068 996 articulo
1096 960 1264 995 inferiore
1293 960 1488 1007 carpenum
1515 964 1549 995 et
1568 960 1754 995 articulum
1780 960 2001 1006 superiorem

371 1027 573 1070 superante.
628 1022 757 1057 Flores
787 1020 1039 1068 campanulati.
1095 1019 1226 1055 Petala
1256 1018 1417 1065 calycem
1451 1019 1525 1054 fere
1560 1019 1756 1065 aequantia,
1788 1030 1887 1066 saepe
1922 1019 2002 1054 bre-

370 1084 479 1119 viora.
534 1081 641 1117 Folia
669 1081 811 1116 caulina
838 1081 976 1126 majora
1003 1079 1122 1114 trifida
1149 1079 1206 1113 vel
1234 1078 1421 1125 tripartita.
1475 1078 1581 1113 Folia
1614 1078 1789 1114 radicalia
1822 1078 2002 1125 simplicia

370 1143 427 1178 vel
456 1140 742 1189 pinnatipartita3
773 1140 915 1175 laciniis
949 1141 970 1174 3
1004 1139 1061 1174 vel
1093 1141 1114 1174 5
1144 1138 1389 1184 superioribus
1418 1138 1618 1183 aequalibus
1648 1138 1795 1184 (lacinia
1822 1137 2001 1173 terminali

370 1202 477 1250 paulo
503 1201 560 1236 vel
588 1200 647 1235 vix
675 1200 782 1246 duplo
811 1200 978 1246 majore),
1007 1198 1149 1233 laciniis
1175 1197 1297 1244 parvis
1326 1197 1371 1232 ad
1399 1197 1502 1232 basin
1530 1198 1655 1244 paucis
1685 1198 1741 1233 vel
1768 1197 1885 1233 nullis.

520 1285 643 1316 Plantae
666 1284 776 1315 habitu
800 1284 831 1314 in
856 1283 1040 1314 memoriam
1066 1285 1256 1314 revocantes
1282 1281 1568 1323 Caryophyllatas,
1594 1292 1612 1312 a
1637 1282 1751 1322 quibus
1780 1285 1889 1312 tamen
1910 1281 2001 1313 facil-

370 1339 443 1370 lime
479 1337 718 1376 distinguuntur
755 1335 882 1366 defectu
917 1334 1107 1375 carpophori
1143 1333 1313 1374 perspicui.
1359 1333 1396 1364 In
1425 1333 1506 1364 duas
1537 1334 1698 1364 sectiones
1723 1333 1823 1364 dividi
1847 1336 1997 1374 possunt,

370 1399 502 1430 quarum
528 1389 615 1429 prior
637 1387 748 1418 habet:
772 1387 885 1418 Petala
910 1386 1146 1417 suborbiculata
1170 1386 1219 1417 vel
1246 1385 1397 1423 obovata,
1422 1385 1491 1415 basi
1517 1386 1636 1416 sensim
1660 1385 1692 1416 in
1717 1394 1856 1424 unguem
1878 1384 1999 1414 lamina

370 1442 466 1473 multo
495 1441 673 1471 breviorem
703 1442 883 1477 attenuata,
914 1442 1008 1478 atque
1040 1436 1181 1468 continet
1208 1436 1247 1467 (τ’.
1278 1437 1550 1477 brachypetalnm,
1582 1436 1622 1468 G.
1653 1437 1874 1467 intermedium
1903 1440 1999 1475 atque

370 1492 632 1532 G.m‹1›⁷f0limn.
678 1491 843 1521 Posterior
878 1500 953 1521 vero
990 1488 1190 1529 amplectitur
1226 1498 1322 1519 unam
1354 1489 1494 1528 speciem
1530 1489 1569 1520 (τ’.
1595 1489 1753 1519 rubellum
1783 1491 1879 1527 atque
1902 1487 2000 1518 habet

369 1545 479 1586 petala
503 1544 573 1575 basi
599 1543 731 1583 abrupte
753 1542 785 1573 in
809 1551 947 1582 unguem
972 1541 1091 1572 lamina
1116 1539 1336 1571 subreniformi
1360 1540 1426 1571 fere
1451 1539 1628 1580 longiorem
1652 1543 1827 1571 attenuata.

372 1650 430 1683 22.
472 1647 603 1683 GEUM
635 1653 1033 1681 BRACHYPETALUM
1068 1643 1143 1680 Ser.
1173 1643 1269 1678 foliis
1296 1642 1515 1678 radicalibus
1544 1643 1740 1690 interrupte
1777 1642 1998 1690 pinnatipar-

474 1707 547 1741 titis
576 1706 632 1741 vel
660 1705 864 1752 tripartitis,
894 1703 1036 1738 laciniis
1064 1703 1207 1750 paucis,
1239 1702 1483 1748 superioribus
1512 1703 1625 1738 tribus
1654 1703 1711 1738 vel
1741 1703 1896 1749 quinque
1915 1704 1998 1738 sub-

473 1765 689 1812 aequalibus3
718 1764 814 1799 foliis
842 1763 992 1799 caulinis
1021 1762 1210 1810 tripartitis
1235 1761 1428 1807 trifidisve3
1456 1762 1586 1808 petalis
1614 1763 1749 1809 pallide
1768 1763 1889 1808 luteis,
1912 1763 1996 1798 obo-

473 1823 818 1868 vato-subrotundis,
848 1823 972 1870 calyce
1000 1823 1208 1869 plerumque
1242 1821 1349 1856 multo
1386 1822 1611 1857 brevioribus
1644 1822 1702 1857 vel
1735 1822 1911 1857 interdum
1940 1834 1999 1858 ca-

472 1885 588 1932 lycem
623 1883 864 1929 aequantibus,
900 1883 1067 1929 carpellis
1102 1881 1220 1926 hirtis,
1263 1880 1347 1927 styli
1385 1881 1533 1916 articulo
1568 1881 1736 1917 inferiore
1773 1881 1998 1927 longitudine

473 1943 667 1990 carpellum
700 1942 824 1989 duplo,
859 1942 1043 1976 articulum
1080 1940 1300 1988 superiorem
1333 1939 1513 1986 hispidum
1548 1940 1748 1987 quadruplo
1784 1941 1997 1988 excedente;

473 2002 696 2049 carpophoro
725 2001 846 2036 sessili
873 2001 1104 2048 pilosissimo.

373 2093 449 2130 Syn.
478 2088 516 2119 G.
541 2087 782 2127 bv‘aelrypetalmn
814 2089 871 2116 Ser.
903 2089 931 2115 in
962 2089 1046 2116 Mem.
1078 2099 1135 2117 soc.
1167 2089 1246 2126 phys.
1286 2098 1385 2125 genava
1417 2089 1449 2121 2,
1489 2097 1514 2124 p.
1543 2088 1601 2115 139
1628 2097 1661 2115 ex
1686 2088 1753 2115 Dec.
1784 2088 1882 2116 Prodr.
1909 2088 1941 2122 2,
1967 2098 1995 2125 p.

546 2142 617 2168 552.
643 2156 683 2159 —
709 2140 739 2167 C.
765 2141 798 2167 A.
824 2141 921 2177 Meyer
951 2140 1014 2168 Iud.
1040 2150 1107 2168 sem.
1133 2140 1205 2168 hort.
1228 2141 1341 2177 Petrop.
1370 2139 1425 2173 XI,
1449 2149 1476 2176 p.
1502 2139 1552 2166 40.

482 2190 519 2222 G.
544 2190 679 2230 alpinum
703 2192 839 2219 Horuem.
871 2192 969 2229 Suppl.
994 2192 1068 2219 horti
1093 2192 1242 2220 Hasniens.
1268 2202 1322 2219 sec.
1348 2190 1503 2228 specimina
1528 2200 1561 2217 ex
1584 2190 1620 2218 H.
1644 2190 1731 2218 Hafn.
1750 2190 1778 2218 in
1798 2190 1874 2218 herb.
1891 2191 1995 2218 FRIES.

521 2265 628 2297 Habit.
674 2267 793 2296 Patria
822 2265 943 2306 ignota.
972 2284 1014 2288 —
1039 2265 1132 2307 Spec.
1164 2266 1248 2297 culta
1276 2266 1307 2296 in
1339 2265 1426 2295 horto
1456 2263 1641 2295 Genavensi
1671 2263 1828 2295 SERINGE
1852 2263 1995 2305 descrip-

373 2317 423 2349 sit.
447 2335 489 2339 ——
511 2317 547 2347 In
573 2316 663 2348 horto
688 2317 801 2358 Upsal.
827 2318 960 2355 cultum,
984 2317 1069 2348 unde
1096 2318 1226 2358 specim.
1252 2316 1339 2348 herb.
1364 2317 1470 2347 Funis
1495 2319 1535 2356 (v.
1562 2316 1608 2356 s.).

521 2376 697 2408 Pilosulum
723 2378 773 2408 vel
802 2377 1158 2418 pubescenti-pilosum,
1187 2376 1302 2418 pedale
1332 2380 1363 2407 et
1391 2377 1482 2407 ultra.
1530 2375 1639 2406 Cauiis
1669 2375 1820 2415 simplex,
1852 2378 1995 2415 erectus,

372 2427 591 2459 uni-triflorus.
638 2428 730 2459 Folia
756 2428 912 2459 radicalia
936 2429 1031 2468 vulgo
1056 2429 1315 2469 pinnatipartita,
1333 2427 1391 2459 sed
1408 2426 1565 2459 interdum
1583 2427 1766 2458 reniformia
1782 2426 1994 2468 indivisaque.

371 2480 464 2511 Folia
487 2480 614 2511 caulina
642 2481 808 2521 superiora
838 2479 995 2520 tripartita
1024 2480 1075 2511 vel
1104 2479 1224 2520 trifida,
1255 2480 1380 2511 laciniis
1411 2479 1550 2519 quinque
1579 2479 1744 2510 instructa.
1791 2478 1924 2520 Stipulae
1948 2480 1994 2510 in-

371 2531 505 2562 feriores
534 2541 661 2572 magnae
691 2531 947 2569 suborbiculatae‚
977 2541 1090 2571 grosse
1122 2534 1264 2562 sel-ratae.
1310 2532 1424 2562 Flores
1458 2530 1581 2568 cernui,
1611 2531 1797 2571 plerumque
1831 2531 1996 2563 axillares.
