2134 3034
538 149 768 185 Pnoossonus
796 150 1084 187 MONOGRAPHIAE
1113 151 1285 188 GEORUM.
1627 154 1670 188 11

202 249 229 284 Ι.
277 249 626 297 Caryoplzyllastrum
654 249 729 286 Ser.
759 251 794 286 in
821 251 911 288 Dec.
940 251 1058 299 prodr.

354 311 384 343 1.
426 307 598 354 Carpella
625 308 854 354 glaberrima.

286 369 317 404 1.
346 366 391 403 G.
420 366 659 412 virginianum
688 367 729 405 L.

351 427 384 461 2.
426 425 599 472 Carpella
626 426 772 462 hirsuta.

428 484 472 520 A.
513 484 642 520 Petala
670 486 750 521 basi
778 490 940 522 cuneata.

514 555 546 579 a.
586 543 867 591 Receptaculum
895 546 977 592 pilis
1005 546 1231 593 longissimis
1258 547 1442 583 hirsutum.

283 605 316 639 2.
342 602 388 639 G.
418 602 537 637 album
566 601 699 647 Gmel.,
744 606 774 640 3.
804 603 850 640 G.
879 605 1051 640 urbanum
1078 606 1120 642 L.

502 662 535 697 b.
577 661 859 708 Receptaculum
886 664 1090 710 pubescens
1117 665 1174 700 vel
1202 665 1379 711 glabrum.
1433 666 1527 714 Styli
1553 665 1726 702 articulus

576 722 740 768 superior
765 722 938 769 hispidus.

283 783 316 816 4.
346 779 390 817 G.
420 779 625 815 canadense
657 780 764 816 Murr.
801 782 909 829 (quod
944 782 1093 819 forsitan
1128 782 1175 818 sit
1202 782 1247 819 G.
1282 783 1562 829 agrimonioides
1590 784 1724 829 Pursh,

351 839 391 875 C.
420 839 462 876 A.
490 839 631 886 Meyer,
660 839 745 875 licet
772 851 996 888 synonymon
1023 841 1278 890 Murrayanum
1316 842 1384 878 huc
1410 854 1480 878 non
1513 843 1723 892 pertineat),

283 901 315 934 5.
345 897 390 935 G.
419 898 701 945 macrophyllum
729 899 851 935 Willd.

426 957 466 993 B.
509 956 638 993 Petala
665 957 744 993 basi
769 958 966 995 rotundata.

285 1020 317 1053 6.
346 1016 391 1053 G.
420 1016 582 1052 strictum
605 1015 678 1051 Ait.

184 1077 228 1113 II.
276 1077 467 1123 Calliqeum
494 1075 616 1111 Fisch.
646 1080 681 1110 et
708 1075 855 1113 Trautv.

285 1138 316 1171 7.
345 1135 390 1172 G.
419 1135 579 1171 chilense
606 1134 710 1170 Balb.
766 1136 797 1170 8.
827 1134 872 1171 G.
902 1137 1106 1174 coceineum
1134 1138 1246 1174 Smith
1274 1143 1309 1174 et
1336 1138 1448 1175 Sibth.

166 1196 229 1231 III.
276 1196 547 1243 Caryophyllata
575 1193 650 1230 Ser.
677 1194 713 1229 in
740 1194 830 1231 Dec.
859 1196 977 1242 prodr.

352 1257 382 1290 1.
414 1253 661 1301 Carpellorum
695 1254 889 1301 capitulum
925 1255 1018 1290 intra
1043 1256 1204 1303 calycem
1232 1256 1362 1292 sessile
1392 1257 1450 1293 vel
1477 1258 1634 1294 breviter
1662 1260 1724 1295 sti-

421 1314 590 1361 pitatum,
620 1313 842 1360 carpophoro
871 1314 996 1361 calyce
1023 1315 1132 1351 multo
1159 1316 1334 1351 breviore.

283 1375 315 1409 9.
343 1372 389 1409 G.
415 1373 618 1408 silvaticum
644 1373 769 1408 Pourr.
826 1375 882 1408 10.
911 1372 957 1410 G.
984 1374 1190 1410 inclinatum
1217 1374 1433 1412 Schleicher.

259 1435 315 1467 11.
345 1431 390 1468 G.
420 1431 668 1468 intermedium
696 1433 806 1468 Ehrh.
836 1433 951 1479 (cujus
979 1433 1114 1479 speciei
1145 1434 1392 1482 polymorphae
1422 1439 1495 1472 tres
1528 1436 1724 1473 afferuntur

340 1492 465 1527 formae
492 1506 517 1527 a.
543 1492 835 1535 Ehriiartianum,
862 1491 891 1534 β
918 1492 1136 1537 rubifolium,
1165 1508 1193 1539 y
1221 1492 1389 1540 dubium).

351 1552 383 1586 2.
412 1549 662 1598 Oarpellorum
690 1551 883 1598 capitulum
911 1551 1052 1587 demum
1078 1551 1172 1587 intra
1199 1552 1361 1600 calycem
1394 1553 1607 1602 stipitatum,
1646 1567 1723 1592 car-

412 1610 572 1658 pophoro
601 1611 760 1658 calycem
790 1610 1066 1646 subexcedente.

262 1671 318 1705 12.
346 1669 392 1706 G.
420 1674 550 1705 nutans
577 1670 680 1705 Lam.
738 1672 793 1706 13.
823 1669 868 1706 G.
896 1670 1009 1706 rivale
1038 1670 1079 1706 L.

249 1729 292 1765 Iu
325 1730 442 1765 indice
477 1734 602 1776 quarto
630 1730 754 1766 semin.
781 1730 875 1766 horti
901 1730 1110 1776 Petropolit.
1140 1730 1266 1766 eodem
1294 1743 1387 1767 anno
1415 1731 1512 1768 edito
1538 1733 1647 1770 iidem
1675 1733 1721 1771 G.

99 1789 212 1824 rivale
240 1793 275 1824 et
303 1788 348 1826 G.
376 1794 506 1824 nutans
532 1789 673 1836 species
701 1789 807 1825 valde
837 1789 964 1825 affines
992 1789 1193 1825 accuratius
1223 1789 1470 1826 distinxerunt.

246 1848 385 1884 Novem
419 1848 523 1884 annis
558 1849 805 1896 praeterlapsis
834 1848 874 1885 O.
909 1849 952 1885 A.
979 1849 1134 1890 MEYER,
1163 1849 1218 1884 vir
1252 1849 1297 1885 de
1331 1851 1535 1896 cognitione
1562 1851 1722 1888 Georum

98 1908 364 1953 meritissimus,
394 1907 430 1943 in
457 1907 575 1943 indice
601 1908 790 1945 undecimo
818 1908 990 1944 seminum
1019 1908 1111 1943 horti
1140 1908 1401 1956 Petropolitani
1430 1912 1559 1957 (1846)
1579 1922 1722 1947 enume-

97 1967 273 2003 rationem
301 1967 502 2014 specierum
529 1967 596 2003 rite
624 1968 848 2014 cognitarum
876 1966 997 2002 edidit.
1052 1966 1155 2013 Opus
1181 1967 1292 2004 hocce
1328 1968 1511 2014 eximium,
1541 1981 1609 2016 quo
1643 1970 1723 2006 dili-

97 2030 225 2073 genter
258 2026 315 2062 usi
348 2038 471 2063 sumus
503 2026 667 2074 quodque
699 2028 867 2074 supplere
892 2026 1106 2073 studuimus,
1139 2027 1266 2063 XXIII
1293 2028 1434 2074 species
1462 2029 1529 2064 rite
1556 2029 1722 2076 cognitas

98 2086 252 2122 exhibet.
306 2085 509 2123 Sieversias
536 2098 621 2122 vero
650 2098 669 2122 e
697 2098 832 2133 genere
858 2085 1017 2122 Georum
1045 2088 1097 2133 (ut
1124 2086 1231 2122 etiam
1249 2087 1401 2123 Fischer
1420 2092 1455 2123 et
1475 2087 1720 2136 Trautvetter)

97 2145 264 2189 exclusit,
301 2145 391 2181 Geis
426 2149 461 2181 et
495 2145 686 2182 Sieversiis
719 2145 845 2181 eodem
877 2145 983 2181 modo
1017 2145 1209 2192 separatis,
1244 2157 1313 2192 quo
1341 2146 1557 2183 Willdenow
1584 2159 1722 2195 genera

98 2204 439 2251 circumscripserat.
492 2205 607 2241 Novae
635 2205 778 2251 species
806 2209 888 2240 sunt
914 2205 1084 2252 quinque:
1127 2204 1172 2240 G.
1198 2206 1373 2253 spurium,
1408 2206 1503 2252 quod
1534 2207 1722 2254 proposui-

97 2275 175 2300 mus
208 2264 359 2299 formam
392 2264 580 2312 hybridam
618 2263 690 2301 Gei
725 2264 855 2307 stricti,
894 2264 938 2299 G.
966 2265 1178 2312 hyrcanum,
1217 2264 1260 2300 G.
1298 2265 1547 2307 W'illdenowiz‘,
1576 2266 1671 2312 quod
1699 2279 1721 2302 a

97 2321 179 2359 Geo
211 2322 422 2359 intermedio
457 2335 528 2359 non
562 2323 854 2370 distinguendum
883 2334 1087 2369 censemus,
1122 2324 1166 2359 G.
1194 2325 1363 2360 rubellum
1391 2329 1426 2360 et
1458 2325 1502 2360 G.
1525 2326 1719 2373 pallidum,

98 2381 194 2428 quod
217 2385 273 2417 est
300 2383 443 2429 species
470 2383 626 2418 maxime
653 2382 907 2418 memorabilis.
962 2381 1080 2418 Geum
1112 2383 1394 2429 agrimonioides
1429 2395 1568 2431 quoque
1596 2397 1618 2421 a
1645 2386 1720 2433 ple-

97 2440 220 2487 risque
246 2440 306 2476 vel
332 2441 535 2487 neglectum
562 2442 620 2477 vel
646 2442 831 2477 confusum
857 2441 999 2488 plenius
1027 2441 1252 2478 describitur.

248 2499 282 2535 A
303 2499 466 2536 SIEBOLD
487 2505 522 2536 et
542 2501 750 2537 ZUCOARINI
775 2501 889 2537 Geum
911 2501 1118 2549 dryadoz'des
1142 2500 1344 2538 distinctum
1365 2506 1435 2548 est,
1458 2502 1545 2538 mihi
1570 2502 1615 2539 G.
1636 2515 1721 2540 ane-

95 2558 296 2594 monoides.
