2134 3034
551 161 782 199 Pnonnonus
809 164 1098 201 MONOGRAPHIAE
1127 165 1299 202 GnoRUM.
1669 171 1688 204 7

274 262 358 299 Jam
386 273 480 298 anno
512 264 609 298 1784
638 262 864 310 THUNBERG‚
898 266 989 301 inter
1025 266 1222 314 discipulos
1250 267 1393 303 Linnaei
1422 269 1738 316 eminentissimus,

108 321 351 369 descripserat
395 321 508 356 Geum
536 322 763 369 japoozicum,
806 324 899 369 quod
940 325 1156 361 Willdcnow
1194 326 1322 362 deinde
1361 330 1488 375 (1809)
1530 329 1741 376 imperfecta

108 380 350 427 descriptione
392 380 618 426 Thunbergii
660 386 857 417 commotus
899 387 936 418 ut
970 395 1099 420 novam
1134 386 1290 432 speciem
1325 386 1517 435 descripsit
1551 387 1739 436 Geumque

105 439 391 486 macrophyllum
420 439 625 487 appellavit.
655 439 754 475 Idem
783 441 984 487 Thunberg
1012 454 1106 479 anno
1132 447 1226 481 180ss
1256 445 1425 481 eximiam
1454 447 1552 483 illam
1581 449 1739 495 speciem

114 498 228 533 Getam
259 512 401 546 capense
429 498 621 546 descripsit
645 498 681 534 in
708 499 898 545 prodromo
927 500 1027 537 florae
1059 502 1248 550 Capensis.

273 558 400 604 Itaque
442 557 487 592 ad
530 557 635 593 finem
668 558 792 593 saeculi
825 561 1052 607 praeterlapsi
1079 562 1239 597 botanici
1270 563 1507 599 distinxerant
1534 564 1612 600 haec
1641 564 1738 610 Gea,

108 629 188 665 quae
221 617 287 653 sub
322 616 525 652 nominibus
559 617 595 652 in
630 617 697 652 hoc
732 617 923 663 prodromo
950 620 1092 656 usitatis
1122 622 1251 657 afferre
1279 623 1373 658 haud
1401 623 1556 659 alienum
1582 624 1737 659 videtur:

111 680 141 714 1.
169 675 287 712 Geum
309 675 552 722 virginianum
579 676 621 711 L.
652 676 750 722 (licet
775 677 908 723 saepius
937 679 1123 715 confusum
1152 692 1230 715 cum
1259 684 1463 729 sequente),
1494 685 1525 718 2.
1556 682 1601 719 G.
1618 684 1737 719 album

109 734 246 775 GmeL,
293 736 325 770 3.
356 734 400 771 G.
430 735 589 770 strictum
617 735 705 778 Ait„
761 738 794 770 4.
824 735 868 772 G.
897 737 1069 772 urbanum
1098 738 1156 782 L..
1201 741 1233 774 5.
1263 739 1308 776 G.
1337 741 1583 778 intermedium
1611 743 1737 786 Ehrlr,

109 798 140 831 6.
170 794 215 831 G.
232 794 345 829 rivale
367 794 408 829 L.
430 798 536 840 atque
564 794 669 840 hujus
697 795 949 831 monstrositas
979 796 1023 832 G.
1041 797 1226 844 hym-idum
1255 799 1380 845 Wulf„
1413 803 1442 836 7.
1473 800 1517 837 G.
1529 802 1738 848 japonicum

107 854 267 898 Thunb„
310 855 340 888 8.
373 852 418 889 G.
446 853 679 900 pyrenaicum
704 854 843 899 Willd.,
886 857 917 890 9.
945 854 990 891 G.
1020 856 1232 903 sylvaticum
1260 858 1384 894 Pourr.
1415 861 1495 907 (sub
1521 861 1662 895 nomine
1691 860 1737 897 G.

106 913 266 949 atlantici
294 912 429 958 Dcsf.)⁷
488 913 543 947 10.
573 911 618 947 G.
648 917 852 948 montanum
880 914 938 959 L.‚
992 917 1047 950 11.
1077 914 1122 951 G.
1150 921 1297 962 reptans
1324 918 1383 964 L.‚
1434 921 1488 955 12.
1520 918 1565 955 G.
1596 931 1738 956 anemo-

107 972 234 1008 noides
263 970 386 1007 Willd.

273 1031 450 1066 PERSOON
491 1041 584 1065 anno
630 1032 725 1066 1807
769 1031 805 1066 111
843 1031 999 1079 Synopsi
1028 1033 1229 1080 plantarum
1257 1036 1292 1071 II
1318 1048 1352 1083 p.
1382 1039 1428 1073 5ss
1457 1043 1641 1074 enumerat
1666 1039 1739 1075 XV

107 1091 264 1138 species,
308 1101 455 1136 quarum
498 1089 677 1126 MICHAUX
716 1091 793 1136 jam
841 1095 947 1127 antea
987 1094 1116 1140 (1803)
1153 1094 1189 1129 in
1229 1094 1319 1130 flora
1359 1096 1738 1134 Boreali-Americana

107 1150 320 1185 distinxerat
355 1149 470 1184 Geum
494 1150 733 1196 yerzz'culcztnm
761 1150 891 1185 Michx.
917 1156 951 1186 et
972 1151 1211 1188 G.2⁴ad'z'(ztzw›z
1235 1154 1366 1190 Michx.
1395 1155 1576 1203 Reliquae,
1606 1161 1738 1204 praeter

114 1209 158 1246 G.
185 1209 442 1244 involzccratum
467 1207 566 1244 Juss.
597 1212 631 1244 et
665 1209 707 1245 G.
724 1210 993 1256 wmgyellanicmn
1021 1209 1218 1248 Oommers.
1246 1217 1318 1248 tum
1347 1214 1498 1261 primum
1517 1216 1591 1251 fere
1611 1217 1734 1261 allata,

106 1272 191 1305 sunt
213 1268 352 1304 eaedem
381 1272 487 1314 atque
514 1267 604 1308 illae,
630 1279 720 1314 quas
747 1268 965 1305 Willdenow
984 1270 1019 1304 in
1042 1270 1239 1316 Speciebus
1254 1272 1463 1309 Plantarum
1484 1274 1737 1322 descripserat.

274 1327 389 1363 SMITH
430 1331 465 1362 et
506 1326 693 1363 SIBTHORP
733 1327 768 1362 in
800 1327 900 1363 florae
927 1328 1070 1365 Graecae
1097 1330 1287 1376 prodromo
1316 1334 1444 1379 (1806)
1471 1333 1739 1381 descripserunt

106 1386 415 1432 elegantissimum
456 1385 544 1421 illud
591 1386 705 1421 Geum
745 1387 956 1428 coccineum,
997 1388 1091 1434 quod
1126 1389 1343 1426 Tournefort
1371 1392 1449 1438 jam
1483 1398 1632 1429 noverat
1672 1394 1738 1430 sed

105 1456 231 1481 omnes
257 1445 394 1492 posteri
422 1445 470 1481 ad
497 1457 577 1481 eum
607 1445 700 1481 diem
729 1447 977 1492 neglexerant.

272 1504 378 1540 Anno
423 1507 516 1541 1811
553 1504 799 1542 WILLDENOW
826 1518 942 1552 genus
971 1506 1130 1543 Georum
1157 1507 1194 1542 in
1223 1507 1292 1544 duo
1320 1508 1457 1545 divisit:
1494 1511 1608 1547 Geum
1634 1513 1737 1561 stylis

107 1563 325 1609 geniculatis
367 1563 572 1600 distinctum
607 1567 642 1599 et
677 1564 886 1600 &eveo-siam
921 1566 1025 1613 stylis
1061 1566 1247 1602 continuis.
1302 1567 1392 1604 Haec
1420 1581 1556 1615 genera
1584 1571 1738 1620 Seringe

107 1625 143 1657 et
167 1622 311 1668 plurimi
338 1623 496 1659 botanici
520 1623 679 1670 Europae
706 1623 743 1659 in
769 1635 875 1660 unum
906 1626 1173 1672 conjunxerunt.
1220 1626 1358 1662 Eadem
1389 1632 1444 1664 est
1471 1630 1562 1665 ratio
1592 1632 1738 1677 generis

109 1681 317 1729 Stylz'podis,
350 1682 444 1729 quod
481 1682 692 1730 Rafinesque
721 1694 813 1718 anno
844 1685 940 1719 1825
966 1696 990 1723 11
1019 1683 1109 1720 Geis
1138 1691 1373 1731 separaverat
1400 1687 1525 1735 calyce
1554 1690 1737 1726 ebracteo-

106 1740 190 1776 lato.
248 1739 384 1777 Omnes
411 1741 570 1777 botanici
598 1742 809 1777 recentioris
836 1744 1024 1790 temporis,
1053 1743 1144 1778 inter
1164 1755 1254 1790 quos
1282 1746 1508 1782 nominentur
1533 1747 1674 1796 Torrey
1703 1752 1738 1784 et

107 1798 220 1847 Gray,
249 1799 409 1845 Hooker,
444 1799 484 1836 O.
513 1801 556 1836 A.
582 1801 716 1848 Meyer,
746 1801 1010 1847 existimarunt,
1043 1803 1112 1839 hoc
1146 1802 1265 1839 Geum
1301 1803 1555 1853 (Stylipodem)
1589 1819 1737 1844 vernum

107 1870 130 1894 a
158 1859 287 1895 ceteris
313 1870 383 1895 non
411 1871 494 1895 esse
522 1859 772 1895 divellendum.

275 1918 450 1954 LEJEUNE
481 1931 574 1955 anno
605 1921 698 1955 1811
735 1920 778 1955 G.
793 1921 996 1969 rubzfolium
1024 1920 1201 1967 distinxit,
1232 1922 1327 1969 quod
1353 1934 1410 1958 me
1429 1923 1553 1970 judice
1582 1929 1636 1961 est
1655 1927 1737 1963 sub-

108 1976 249 2023 species
278 1976 350 2013 Gei
376 1978 579 2014 intermedii
606 1979 715 2014 Ehrh.

274 2036 427 2073 Plantas
467 2037 868 2074 Boreali-Americanas
910 2039 977 2075 hoc
1019 2039 1153 2075 saeculo
1184 2039 1462 2086 diligentissime
1503 2054 1525 2078 a
1560 2043 1736 2079 botanicis

108 2094 351 2141 investigatas
387 2107 483 2141 esse,
518 2097 610 2133 inter
641 2108 765 2133 omnes
794 2101 948 2144 constat,
977 2102 1016 2133 ut
1044 2103 1195 2145 excepta
1223 2099 1371 2147 Europa
1397 2101 1496 2136 nulla
1523 2114 1609 2149 pars
1638 2103 1737 2139 orbis

107 2158 281 2190 terrarum
317 2160 507 2191 censeatur
533 2156 661 2192 melius
689 2157 885 2204 explorata.
939 2156 1085 2202 PURSH‚
1115 2161 1238 2193 auctor
1263 2158 1363 2195 florae
1390 2159 1568 2197 Americae
1594 2166 1736 2209 septen-

107 2213 285 2259 trionalis,
315 2226 407 2250 anno
439 2216 536 2250 1814
564 2215 758 2262 descripsit
790 2216 903 2252 Geum
931 2216 1066 2257 Peclcz'z‘,
1099 2217 1143 2251 G.
1171 2219 1455 2265 ayrimonioz'des,
1490 2220 1534 2255 G.
1563 2222 1737 2269 trzflorum

107 2276 144 2308 et
175 2273 218 2309 G.
247 2273 412 2309 ciliatum.
466 2273 547 2310 Hoc
573 2274 735 2310 ultimum
762 2275 913 2310 forsitan
941 2275 987 2310 sit
1014 2275 1110 2310 idem
1138 2287 1181 2311 ac
1209 2275 1254 2312 G.
1283 2277 1471 2314 triflorum!

274 2333 391 2369 ELIAS
432 2333 549 2369 FROES
589 2333 626 2369 in
666 2333 755 2369 flora
795 2334 1014 2370 Hallandica
1033 2345 1126 2370 anno
1157 2337 1253 2371 1817
1285 2338 1474 2384 proposuit
1499 2350 1629 2374 novam
1655 2351 1736 2386 spe-

109 2390 201 2426 ciem
244 2391 358 2428 Geum
398 2393 592 2440 hispidum,
627 2392 722 2438 quod
749 2393 826 2439 jam
855 2393 1069 2428 LILJEBLAD
1097 2393 1132 2429 in
1160 2394 1305 2431 Svensk
1328 2395 1418 2432 flora
1445 2397 1510 2432 sed
1538 2398 1603 2433 sub
1633 2399 1737 2435 falsis

108 2449 310 2486 nominibus
338 2452 516 2487 attulerat.
569 2451 670 2487 Idem
699 2451 790 2488 Geis
818 2452 853 2487 in
880 2452 982 2488 horto
1011 2452 1224 2500 Upsaliensi
1252 2455 1357 2490 cultis
1384 2455 1576 2492 maximam
1605 2457 1738 2494 dicavit

108 2509 343 2545 attentionem
379 2513 486 2557 atque
518 2510 555 2545 in
588 2511 706 2546 indice
738 2511 913 2547 seminum
941 2512 1033 2547 horti
1060 2511 1292 2559 Upsaliensis
1326 2514 1441 2550 Geum
1470 2517 1735 2559 αῑινιιηιέίασιιγη,

114 2567 159 2603 G.
185 2568 352 2604 ibericum
379 2573 415 2604 et
443 2568 489 2605 G.
512 2570 720 2616 Japonicum
747 2570 806 2605 vel
835 2570 997 2606 distinxit
1023 2571 1081 2606 vel
1110 2572 1313 2619 explicavit.
1349 2573 1431 2610 Gea
1456 2586 1595 2621 quoque
1625 2575 1736 2612 Scan-

108 2626 264 2663 dinaviae
290 2631 326 2663 et
353 2627 563 2676 Synonyma
589 2633 730 2676 patrum
759 2629 1036 2676 diligentissime
1065 2631 1245 2677 exquisita
1272 2632 1525 2680 interpretatus
1554 2639 1619 2670 est.
