2134 3034
574 230 694 266 Musei
724 240 768 266 ET
797 232 1004 267 Hicin—rruuiz
1033 232 1254 269 Ossmxom.
1626 237 1671 270 39

98 332 180 366 200.
234 331 487 378 Ilgzlocomimn
515 344 739 377 sqmwrowm
769 332 838 376 (L.)
867 354 917 357 ———
945 333 1099 379 Schilnp.
1128 332 1211 379 Syn.
1240 345 1273 379 p.
1305 336 1386 369 656.
1408 356 1456 360 —
1481 335 1540 370 ΒΓ.
1565 347 1634 372 cur.
1657 336 1727 371 tab.

289 392 373 425 492.
407 412 456 415 ——
483 389 656 436 Hypnuin
689 401 920 434 squarrosiun
949 390 1085 426 Uarini.
1114 391 1168 426 Fl.
1198 391 1251 428 cd.
1282 395 1320 433 9,
1349 404 1380 438 p.
1414 395 1468 427 14.

247 461 340 491 Locis
366 460 504 491 humidis
530 461 611 491 inter
635 460 781 499 gramina
806 461 835 491 in
861 461 962 501 pratis
988 462 1144 493 silvaticis
1175 463 1307 502 vulgare
1332 474 1389 503 por
1414 468 1508 495 totam
1535 464 1726 496 Oclandiani

97 511 136 542 ab
161 510 301 551 Ottcnby
326 511 367 542 ad
392 511 482 542 Roda
505 530 544 533 —
571 520 596 541 c.
622 511 658 541 fr.
688 530 726 534 ——
752 512 788 542 A.
814 512 855 542 M.
880 512 915 542 B.

98 589 181 622 201.
236 587 489 635 fflslocomizmz
518 588 724 633 trz'qnetrmn
754 588 824 635 (L.)
851 610 900 614 ›——
929 588 1083 635 Schinip.
1113 590 1197 637 Syn.
1226 603 1258 638 p.
1290 593 1371 626 657.
1399 614 1448 616 -
1477 592 1535 627 Br.
1565 604 1635 627 cur.
1656 594 1725 630 ml).

288 649 372 681 491.
400 668 449 672 ——-
476 645 647 692 Hypuuni
677 646 884 691 triquetrum
910 646 1048 681 Hartm.
1079 648 1131 682 1³1.
1162 649 1215 683 cd.
1246 652 1282 689 9,
1312 662 1344 696 p.
1378 652 1432 685 13.

247 722 283 752 In
313 723 403 753 silvis
433 725 465 753 ct
494 721 674 752 nemoribus
704 722 836 761 vulgare
860 731 918 762 per
940 726 1036 753 totam
1062 723 1252 755 Oelandiam
1277 725 1315 755 ab
1341 725 1480 766 Ottcnby
1504 726 1544 757 ad
1571 727 1659 758 Roda
1684 746 1726 749 —

97 772 134 803 A.
159 772 199 802 M.
224 773 259 803 B.

99 842 182 876 202.
237 841 489 888 IIjuZocomz'mn
518 842 648 876 loreum
680 840 795 886 (Dill.)
824 863 873 866 —
899 841 1054 887 Schinip.
1089 842 1172 888 Syn.
1206 855 1238 889 p.
1270 846 1351 879 658.
1382 867 1426 871 —
1454 846 1512 881 ΒΓ,
1548 858 1619 881 cur.
1654 848 1724 882 tab.

289 900 371 934 490.
399 921 448 925 —
475 899 646 946 Hypnuni
674 898 809 933 loreum
839 898 978 934 Hartin.
1011 900 1064 935 Fi.
1095 900 1148 935 cd.
1179 903 1215 945 9,
1243 914 1276 948 p.
1306 905 1362 937 14.

248 969 298 1000 Ad
333 974 450 1000 terrani
486 974 517 1000 et
552 969 678 1010 lapides
710 980 781 1000 raro
813 974 843 1001 et
872 974 992 1001 tantuin
1023 971 1185 1001 invcntuni
1217 972 1247 1001 in
1278 972 1369 1003 Roda.
1396 973 1594 1014 kronopark,
1620 975 1670 1005 11111
1695 975 1725 1005 in

98 1020 179 1051 silva
204 1020 345 1052 abietina
370 1021 623 1061 Bogateskogen
648 1022 761 1062 paucis
788 1022 865 1052 locis
889 1022 1091 1053 abundanter
1115 1023 1211 1062 viget.
1233 1041 1273 1044 -
1299 1023 1333 1053 B.

620 1198 718 1245 FAM.
769 1198 1203 1245 SPHAGNAOEAE.

96 1311 179 1345 203.
235 1310 446 1358 Splwynum
487 1311 705 1358 acntq'folz'nm
743 1310 852 1345 Ehrh.
889 1333 933 1336 ——
970 1310 1126 1357 Schinip.
1170 1310 1254 1358 Syn.
1289 1323 1321 1357 p.
1358 1314 1440 1347 672.
1478 1333 1523 1337 —
1568 1311 1724 1359 Schimp.

286 1369 451 1414 Monogr.
479 1381 512 1415 p.
542 1370 607 1413 56,
637 1369 708 1404 tab.
740 1371 802 1413 13,
835 1371 890 1404 14.
923 1391 966 1395 —
997 1369 1135 1405 Hartin.
1163 1370 1218 1404 Fi.
1250 1370 1304 1405 cd.
1334 1372 1373 1414 9,
1405 1383 1437 1417 p.
1469 1373 1525 1406 82.

247 1445 284 1476 Ι11
319 1444 490 1485 paludibus
523 1448 554 1475 ct
587 1445 677 1475 silvis
716 1445 812 1484 vulgo
850 1445 1030 1485 dispersum
1062 1455 1120 1486 per
1149 1445 1353 1485 Oelanfflam,
1385 1457 1413 1478 v.
1432 1457 1457 1478 c.
1489 1446 1724 1489 Otteubylund,

95 1497 128 1528 in
158 1497 239 1528 silva
269 1496 410 1527 abictina
438 1496 521 1526 infra
548 1495 769 1536 Thorslunda,
800 1496 981 1537 Mollstorp,
1011 1496 1228 1536 Glomuiingc,
1259 1497 1290 1527 in
1322 1497 1404 1528 silva
1432 1498 1514 1529 int-cr
1544 1498 1670 1530 Saxn'as
1695 1502 1726 1530 ei:

96 1547 246 1588 Romula,
270 1547 353 1578 inter
376 1546 469 1577 Stora
490 1547 556 1577 R'or
579 1550 610 1577 et
633 1547 741 1586 Ralla,
767 1548 896 1587 copiose
920 1547 951 1577 in
976 1547 1147 1587 paludibus
1171 1548 1253 1578 inter
1277 1548 1440 1587 Trogstad
1464 1552 1495 1579 ct
1520 1549 1665 1589 Koping,
1694 1550 1725 1580 111

97 1598 187 1629 silvis
215 1598 428 1639 paroeciarum
451 1597 569 1638 Hoghy
597 1600 628 1628 et
652 1597 742 1628 Boda
768 1598 875 1629 multis
898 1598 976 1629 locis
1001 1617 1041 1620 —
1066 1608 1093 1629 c.
1118 1598 1154 1629 fr.
1177 1617 1219 1621 —
1242 1599 1279 1629 A.
1305 1599 1346 1629 M.
1370 1599 1405 1629 Β.

97 1668 180 1702 204.
237 1666 447 1714 Sphagynum
476 1666 698 1712 fimbriatum
740 1665 844 1701 Wils.
873 1687 924 1692 —
958 1666 1113 1713 Schimp.
1148 1666 1232 1714 Syn.
1274 1679 1307 1714 p.
1353 1669 1435 1703 674.
1477 1691 1526 1694 —-
1568 1669 1723 1716 Schimp.

292 1724 456 1770 Monogr.
485 1736 518 1780 p.
548 1726 610 1768 59,
640 1725 711 1759 tab.
743 1726 799 1759 15.
831 1746 875 1750 —
905 1724 1043 1760 Hartm.
1072 1725 1126 1760 Fl.
1157 1725 1211 1760 ed.
1241 1727 1280 1770 9,
1308 1738 1341 1772 p.
1372 1728 1429 1761 81.

255 1795 292 1825 In
318 1794 489 1835 paludibus
515 1794 666 1825 silvarum
692 1794 928 1826 Coniferarum.
955 1794 1012 1825 sed
1037 1796 1134 1826 multo
1159 1795 1262 1826 minus
1284 1795 1463 1836 dispersum
1488 1806 1581 1836 quam
1606 1806 1725 1836 praece-

97 1845 194 1884 dens,
220 1855 248 1876 v.
274 1854 301 1876 c.
325 1845 357 1875 in
383 1845 465 1876 silva
489 1845 630 1876 abietina
654 1845 737 1876 inter
762 1845 890 1876 Samiis
917 1848 948 1876 et
965 1845 1114 1886 Rohfilla,
1133 1846 1224 1877 Boda
1241 1847 1425 1887 kronopark
1444 1847 1667 1887 copiosissime
1684 1866 1725 1870 —

96 1906 122 1927 c.
147 1896 184 1927 fr.
209 1915 249 1919 —-
272 1896 313 1926 M.
337 1896 373 1926 Β.

97 1966 181 2000 205.
236 1964 449 2011 Splzafflzum
490 1964 709 2011 cuspidacmn
749 1965 859 2000 Ehrh.
896 1988 941 1992 —
981 1966 1136 2012 Schimp.
1176 1965 1259 2013 Syn.
1293 1978 1326 2012 p.
1363 1967 1445 2001 675.
1479 1988 1529 1992 —-
1568 1966 1723 2014 Schimp.

286 2022 450 2068 Monogr.
478 2034 512 2069 p.
545 2025 608 2068 60,
636 2024 708 2059 tab.
741 2026 797 2058 16.
825 2047 874 2052 —
903 2024 1114 2070 Sphagnum
1141 2035 1329 2059 recurvum
1356 2024 1495 2060 Hartm.
1522 2025 1577 2060 Fl.
1605 2025 1659 2060 cd.
1686 2027 1722 2066 9,

286 2092 320 2127 p.
352 2083 408 2117 83.

247 2154 284 2185 In
319 2153 489 2193 paludibus
530 2154 696 2194 profundis
732 2159 763 2186 et
795 2155 900 2196 puteis
936 2156 1103 2194 silvarum,
1140 2164 1375 2194 nonnumquam
1410 2156 1442 2186 in
1464 2165 1561 2196 ⁴aqua
1595 2155 1723 2186 fluitans

97 2207 218 2246 (forma
248 2206 426 2243 submersa,
453 2205 618 2244 plumosa)
649 2216 677 2236 v.
709 2216 734 2237 c.
766 2205 1000 2247 Ottenbylund,
1034 2206 1125 2237 Boda
1153 2205 1353 2246 kronopark‚
1386 2206 1438 2236 ubi
1468 2206 1563 2237 valde
1593 2206 1723 2237 varians

96 2256 202 2287 multis
226 2255 306 2286 locis
331 2255 463 2295 copiose
487 2257 622 2287 occurrit
646 2276 687 2280 —-
711 2257 748 2287 A.
772 2257 808 2288 B.

97 2334 180 2368 206.
237 2332 449 2378 Sphaymcm
489 2345 715 2379 squarroswn
755 2333 857 2368 Pers.
899 2355 947 2359 —
988 2333 1143 2379 Schimp.
1187 2333 1272 2380 Syn.
1305 2344 1338 2379 p.
1378 2334 1459 2367 677.
1483 2354 1533 2358 —
1567 2331 1722 2378 Scliimp.

285 2390 449 2435 Monogr.
476 2402 510 2437 p.
540 2392 602 2435 63,
635 2392 705 2426 tab.
737 2394 792 2427 17.
821 2413 871 2417 —
897 2391 1036 2426 Hartm.
1064 2391 1118 2426 Fl.
1150 2391 1203 2426 ed.
1234 2394 1270 2435 9,
1298 2403 1331 2436 p.
1362 2392 1419 2425 82.

247 2465 283 2496 In
312 2465 482 2506 paludibus
515 2467 668 2498 silvarum
697 2467 839 2508 pluribus
868 2468 962 2506 locis,
989 2467 1174 2507 plerumque
1198 2470 1304 2497 tamen
1328 2475 1441 2506 parce,
1466 2476 1495 2497 v.
1518 2475 1543 2496 c.
1569 2465 1722 2506 Ottenby-

95 2516 186 2556 lund,
215 2516 248 2547 in
278 2516 361 2547 silva
390 2516 530 2547 abietina
558 2517 640 2548 inter
665 2517 793 2549 Saxniais
818 2521 850 2548 et
873 2517 1025 2556 Roh'zilla,
1051 2517 1143 2548 Boda
1167 2517 1351 2558 kronopark
1377 2516 1518 2557 pluribus
1542 2516 1636 2556 locis,
1664 2515 1721 2546 sed

94 2567 257 2608 praecipue
280 2566 447 2607 pulchrum
469 2567 500 2598 in
525 2568 777 2608 Bogateskogen
803 2587 841 2590 —
865 2568 902 2599 A.
928 2568 968 2599 M.
992 2568 1028 2599 B.
