2134 3034
566 230 685 265 Musei
714 239 758 265 Er
786 231 992 266 HEPA'rICAE
1021 231 1240 267 OELANDL—E.
1618 236 1662 269 23

244 330 426 371 Specimina
452 338 523 359 mea
548 328 739 368 Oelandica,
766 340 835 369 quae
860 331 901 361 ad
928 332 1055 369 Bryum.
1081 333 1294 363 Neodamcnse
1323 334 1431 372 Iscina.
1460 334 1653 374 pertinentia
1676 334 1716 365 K.

92 381 206 412 Miiller
241 381 430 420 declaravit,
466 380 563 410 inulto
600 379 750 410 aberrant
783 390 802 410 a
837 382 929 420 Bryo
961 383 1256 423 pscmlotriquetm)‚
1290 387 1407 413 utnon
1436 384 1573 415 dubitem
1602 384 1716 415 eadem

94 432 252 472 propriam
289 432 427 472 speciem
464 431 587 461 sistere.
646 431 773 469 Bryant
813 432 1026 461 Moe-lamense
1061 432 1270 463 Oclandicum
1306 434 1410 473 quoad
1446 434 1587 465 habitum
1621 435 1717 465 multo

95 483 258 523 discrepat
292 492 310 512 a
346 481 515 522 speciebus
551 480 814 520 consanguineis,
851 491 943 521 quum
979 482 1054 513 folia
1092 483 1228 514 rotunda
1262 485 1292 514 in
1324 488 1413 525 parte
1445 486 1545 516 caulis
1578 485 1716 516 inferiori

95 544 211 575 sparsa
245 533 378 564 sedeant
411 535 442 562 et
470 530 688 562 tantummodo
719 531 841 571 apicem
872 542 984 563 versus
1014 533 1172 564 crebriora
1200 538 1343 571 exstent,
1368 539 1400 566 ut
1430 537 1540 576 planta
1571 546 1641 567 mea
1667 540 1718 567 sat

93 585 206 615 similis
237 587 286 614 est
317 584 408 613 ssInio
443 581 570 612 cuidam
606 581 769 612 diminuto.
817 582 909 612 Folia.
944 583 1104 622 praecipue
1141 584 1289 616 inferiora
1325 596 1561 626 nonnumquam
1596 587 1716 617 orbicu-

92 635 187 674 laria,
223 635 407 675 plerumque
442 637 547 663 tamen
577 632 732 672 elliptica,
764 636 828 662 tam
860 633 982 672 apicem
1014 634 1180 664 rotundum
1212 646 1305 675 quam
1334 636 1425 667 basin
1457 647 1569 668 versus
1594 638 1717 678 paullu-

93 686 157 716 lum
183 684 443 725 gracilescentia,
467 683 579 714 obtusa
604 692 752 713 mucrone
777 683 933 713 instructa
958 682 1160 725 brevissimo,
1185 687 1236 725 qui
1262 687 1352 717 oculo
1376 688 1461 719 nudo
1487 689 1614 718 omniuo
1639 688 1717 718 invi-

95 736 197 767 sibilis
229 738 291 774 est,
323 738 354 765 et
380 743 476 764 nervo
509 734 566 764 sub
590 733 683 773 apice
708 733 778 773 ipso
803 732 981 763 desinente.
1028 733 1139 770 Quoad
1166 740 1321 767 texturam
1347 738 1488 769 foliorum
1514 740 1622 779 planta
1646 748 1716 769 mea

94 787 200 826 magis
224 785 265 816 ad
291 786 419 823 Brgyum
444 784 551 814 Jaekii
575 782 765 813 oclandicum
789 793 882 822 quarn
908 783 949 813 ad
980 785 1103 823 Bryant
1127 789 1438 827 psemlutriqneti-um
1462 788 1600 828 accedit,
1624 799 1717 828 quum

95 840 161 868 tota
186 836 338 867 cellulosa
363 836 404 866 sit
422 835 582 871 subtilior,
605 833 780 874 parictibus
798 834 992 865 tenuioribus
1009 835 1144 875 praedita
1160 847 1253 876 quam
1271 839 1302 868 in
1323 840 1414 877 Brgso
1430 841 1717 880 psemlotriqzcetro.

96 924 154 957 95.
209 922 354 968 Brywn
380 919 498 954 Jackii
523 918 570 953 K.
596 919 693 954 Mull.
725 919 760 954 in
788 919 866 953 Bot.
896 920 983 956 Zeit.
1017 923 1129 965 1864,
1158 934 1190 968 p.
1217 924 1300 958 348.

246 997 341 1029 Locis
367 995 505 1041 humidis
527 995 559 1025 in
582 995 722 1025 Alvareu
748 998 779 1025 et
802 995 833 1025 in
859 996 981 1036 campis
1007 997 1201 1028 alvaroideis
1226 999 1330 1029 multis
1356 1000 1450 1040 locis,
1471 1001 1655 1041 plerumque
1672 1005 1717 1032 ta-

94 1059 165 1080 men
195 1049 318 1087 sterile,
350 1057 379 1078 v.
402 1056 427 1077 c.
458 1042 525 1077 Abs
556 1046 661 1085 alvar,
694 1045 895 1086 Hulterstad,
928 1047 1046 1078 Resmo
1077 1048 1182 1087 alvar,
1212 1049 1315 1080 Tveta
1337 1051 1367 1080 in
1394 1052 1530 1092 campis,
1558 1052 1716 1091 Ruustcn,

96 1099 313 1138 Glomminge,
339 1097 530 1137 Borgholms
556 1097 661 1135 alvar,
686 1096 793 1127 Horns
821 1097 910 1127 alvar
934 1107 958 1127 c.
984 1097 1019 1128 fr.
1044 1116 1085 1120 ——
1108 1100 1144 1129 A.
1170 1099 1210 1129 M.
1234 1100 1268 1130 B.

246 1157 445 1197 Quamquam
473 1157 512 1187 K.
537 1157 650 1187 Miiller
678 1157 709 1187 in
740 1156 854 1186 litteris
880 1156 1057 1188 declaravit
1081 1158 1256 1197 specimina
1282 1169 1349 1189 mea
1377 1160 1536 1191 oelandica.
1560 1160 1602 1190 ad
1627 1170 1717 1191 suum

94 1212 223 1249 Bryum
259 1209 367 1239 chclcii
397 1208 571 1248 pertinere,
602 1217 663 1237 non
695 1207 764 1237 sine
793 1206 989 1238 dubitatione
1018 1211 1123 1238 tamen
1154 1213 1185 1238 et
1214 1209 1375 1249 praecipue
1412 1211 1599 1241 auctoritate
1630 1211 1717 1241 citati

91 1260 237 1302 bryologi
261 1259 405 1298 innixus,
431 1258 490 1289 hoe
513 1258 669 1299 judicium
699 1257 857 1288 affirmare
882 1258 995 1289 audeo.
1042 1257 1153 1295 Quoad
1179 1258 1316 1289 habitum
1343 1269 1421 1291 sane
1445 1262 1622 1301 specimina
1646 1272 1717 1292 mea

92 1312 211 1343 similia
246 1312 319 1341 sunt
354 1309 581 1349 speciminibus
611 1308 820 1349 originalibus
856 1318 873 1339 c
908 1309 1058 1339 Pasterzc'
1087 1309 1129 1339 ad
1158 1309 1375 1349 Heiligeublut
1405 1311 1594 1349 carinthiae,
1629 1322 1647 1342 a
1676 1312 1716 1342 K.

93 1363 207 1394 Miiller
237 1360 377 1399 benigne
407 1360 659 1391 communicatis.
706 1359 894 1399 Congruunt
923 1360 1007 1390 enim
1038 1359 1130 1390 modo
1156 1360 1336 1400 crescendi,
1363 1362 1467 1393 colore
1492 1363 1717 1394 rufo-brunneo

92 1418 125 1446 et
148 1412 290 1453 capsulis
320 1411 478 1451 parvulis3
510 1410 568 1441 sed
596 1411 707 1451 planta
737 1420 809 1440 mea
840 1410 945 1441 differt
974 1410 1056 1441 foliis
1089 1411 1269 1449 latioribus,
1294 1421 1391 1442 nervo
1417 1414 1519 1444 minus
1544 1414 1638 1453 longe
1663 1423 1716 1444 ex-

93 1467 240 1496 currente
264 1466 295 1493 et
318 1465 384 1492 rete
409 1462 552 1492 cellulari
577 1461 751 1501 paullulum
775 1461 896 1492 laxiore
920 1461 1095 1492 instructis.
1140 1462 1254 1492 Planta
1278 1463 1437 1494 oelandica
1461 1468 1512 1495 sat
1536 1465 1648 1495 similis
1667 1468 1717 1495 est

93 1513 320 1556 speciminibus
345 1513 494 1543 tenuibus
520 1514 607 1553 Bryi
632 1513 919 1553 pseudotrz'quetri‚
946 1521 1077 1552 quocum
1102 1513 1240 1543 maxime
1265 1515 1506 1554 consanguinea
1529 1515 1604 1546 mihi
1629 1515 1717 1546 vide-

91 1570 155 1606 tui-3
186 1563 244 1596 sed
273 1565 400 1594 textura
427 1563 572 1594 foliorum
602 1563 643 1593 ad
676 1564 805 1602 Brynm
837 1564 1050 1593 Neodamense
1078 1564 1220 1604 proxime
1253 1565 1385 1595 accedit.
1432 1565 1500 1596 Has
1524 1567 1716 1606 quaestiones

93 1616 274 1648 accuratius
302 1614 470 1654 exquirere
501 1618 532 1645 et
559 1614 736 1655 dijudicare
768 1613 900 1654 tempori
930 1614 1033 1645 futuro
1064 1614 1221 1654 relinquo,
1253 1616 1431 1655 praesertim
1459 1626 1553 1656 quum
1578 1616 1716 1647 studium

93 1667 222 1708 generis
253 1666 338 1707 Bryz‘
366 1668 431 1695 tam
462 1664 591 1696 difficile
621 1668 652 1696 et
680 1665 860 1696 intricatum
890 1665 943 1704 sit,
976 1668 1009 1695 ut
1032 1674 1155 1695 errores
1181 1665 1274 1696 facile
1299 1667 1540 1698 committantur.
1589 1669 1717 1706 Bryzim

93 1719 201 1750 Jackii
225 1720 311 1747 certe
335 1716 446 1756 planta
469 1717 619 1757 alpigena
643 1720 706 1756 est,
732 1725 801 1755 quae
825 1725 876 1746 res
900 1719 1006 1746 tamen
1031 1715 1148 1745 nullam
1174 1716 1328 1747 rationem
1354 1717 1562 1748 sufficientem
1589 1718 1718 1749 exhibet

94 1772 204 1801 contra.
227 1767 427 1799 identitatem
452 1776 532 1798 meae
555 1768 688 1808 plantae3
713 1776 787 1796 nam
812 1767 917 1807 plures
942 1766 1042 1797 musci
1067 1767 1212 1806 alpicolae
1237 1767 1267 1797 in
1293 1768 1414 1808 campis
1438 1768 1604 1800 Oelandiae
1624 1769 1716 1800 dictis

93 1819 282 1851 ’'Astarten’'
307 1818 425 1858 reperti
449 1822 534 1858 sunt,
560 1828 588 1849 v.
609 1828 634 1848 e.
661 1819 816 1859 Ilgspmim
834 1822 1029 1857 turqewens,
1051 1819 1204 1857 Elyfflmm
1222 1829 1391 1857 rzcyosum,
1410 1820 1562 1850 Sctuterz'a
1578 1821 1717 1859 hyalino.

96 1905 154 1939 96.
209 1903 347 1950 Bryum
373 1903 510 1950 pallens
538 1902 607 1938 Sw.
635 1926 686 1930 —
713 1903 869 1949 Schimp.
903 1903 987 1950 Syn.
1015 1915 1049 1950 p.
1078 1905 1161 1938 376.
1193 1925 1244 1929 —-
1274 1903 1332 1938 ΒΓ.
1359 1916 1430 1940 eur.
1457 1905 1528 1940 tab.
1558 1907 1640 1942 373.
1671 1927 1715 1932 —

258 1961 399 1997 Hartm.
427 1961 481 1996 Fl.
512 1961 565 1996 ed.
595 1964 631 2006 9,
662 1973 694 2008 p.
725 1964 782 1997 32.

248 2036 299 2068 Ad
323 2040 439 2067 terram
464 2036 626 2067 humidam
646 2038 738 2079 juxta
762 2038 879 2069 rivulos
903 2038 1047 2078 pluribus
1072 2037 1166 2076 locis,
1193 2040 1225 2067 at
1248 2037 1326 2067 satis
1350 2046 1462 2077 parce,
1493 2049 1522 2069 v.
1547 2048 1572 2069 c.
1598 2040 1716 2080 Tveta,

91 2088 280 2129 Boi-gholm7
306 2087 454 2128 K'opings
479 2087 617 2118 branter.
642 2107 681 2110 —
703 2089 745 2120 M.

93 2176 150 2209 97.
204 2172 349 2219 Bryzcm
375 2185 511 2207 roseum
543 2172 656 2218 (Dill.)
683 2194 733 2199 —
760 2172 916 2219 Schimp.
946 2172 1029 2220 Syn.
1058 2185 1091 2219 p.
1123 2175 1205 2208 381.
1225 2195 1275 2199 —
1301 2173 1360 2208 ΒΓ.
1381 2185 1452 2209 eur.
1472 2175 1543 2210 tab.
1565 2177 1648 2210 365.
1667 2197 1718 2202 —

258 2230 397 2266 Hartm.
424 2231 479 2265 Fl.
509 2231 564 2266 ed.
594 2233 632 2275 9,
661 2242 694 2277 p,
725 2233 783 2266 31.

244 2306 280 2337 In
305 2306 463 2337 umbrosis
489 2306 640 2337 silvarum
665 2307 771 2338 multis
796 2307 890 2346 locis,
916 2307 1103 2347 plerumque
1125 2310 1231 2338 tamen
1250 2316 1362 2348 parce,
1387 2318 1415 2338 v.
1433 2318 1459 2338 c.
1485 2307 1716 2349 Ottenbylund⁷

93 2358 211 2397 Tveta,
236 2356 319 2387 inter
343 2356 469 2388 Saxn'as
495 2360 526 2387 et
549 2357 701 2397 Romula,
728 2356 821 2388 stoi-a
845 2357 923 2397 Ros,
949 2358 1055 2398 Ralla,
1081 2358 1254 2397 Borgholm
1278 2359 1310 2389 in
1335 2359 1492 2398 quercetis
1505 2359 1596 2400 juxta
1613 2369 1716 2400 mare,

91 2408 195 2448 Horu,
222 2407 355 2447 H'ogby,
380 2406 472 2437 Beda
497 2406 691 2448 kronopark.
714 2426 757 2430 -—
780 2409 817 2438 A.
843 2408 883 2439 M.
905 2408 940 2439 B.

92 2495 150 2529 98.
203 2492 349 2527 Allm'um
379 2493 598 2540 cuspidacum
624 2492 670 2529 H.
696 2515 745 2519 —
765 2493 921 2539 Schimp.
951 2492 1034 2540 Syn.
1063 2505 1095 2540 p.
1118 2495 1200 2529 386.
1227 2516 1276 2519 -—
1295 2493 1354 2528 ΒΓ.
1384 2504 1455 2528 eur.
1475 2495 1544 2530 tab.
1566 2496 1648 2531 396.
1668 2517 1718 2521 —

256 2550 395 2586 Hartm.
423 2551 477 2586 ΡΙ.
506 2551 561 2586 ed.
591 2552 628 2595 9,
661 2563 694 2598 p.
723 2553 781 2587 29.
