2134 3034
532 201 762 237 Pnoononrs
790 202 1078 238 illoxoGRAPHIAE
1108 202 1279 238 Gnoncn.
1623 205 1668 238 25

253 302 368 333 Aristze
393 307 679 342 purpurascentcS,
705 304 859 345 incurvae3
884 303 1113 345 appendicibus
1139 305 1257 345 angulo
1281 308 1368 336 recto
1393 305 1431 336 ab
1455 304 1554 336 arista
1579 305 1721 345 inflexis3

105 352 231 384 habitus
255 364 274 384 a
299 354 417 394 speciei
440 358 516 394 typo
540 354 682 386 nonnihil
705 355 839 387 alienus.

254 414 281 454 ζ)
307 414 510 455 ιι]>ιι]ξῑ“ο]ἱιιιη
546 414 613 445 Ser.
639 424 714 445 mss.
738 415 817 447 Dec.
856 414 967 446 Prodr.
992 416 1024 456 2,
1050 425 1080 456 p.
1104 416 1178 447 551.
1204 434 1240 437 ω
1267 416 1349 447 soliis
1381 417 1515 448 caulinis
1541 416 1630 457 apice
1666 417 1721 447 tri-

106 464 185 495 lobis
215 465 324 505 parvis
355 465 509 506 dentatis3
539 466 665 506 stipulis
698 466 1004 498 ovato-orbiculatis.
1033 485 1075 489 —
1105 466 1184 497 Hab.
1215 467 1300 499 circa
1329 467 1465 499 Bernam
1496 472 1527 499 et
1557 468 1723 499 Genavam

106 517 180 547 Dec.
204 517 224 547 l.
249 527 272 547 c.
295 516 337 556 (n.
362 516 410 552 xx).

255 576 368 606 Planta
394 575 539 616 gracilis,
568 576 648 617 pube
673 576 759 607 brevi
785 576 975 607 intermixtis
1000 577 1074 618 pilis
1099 577 1296 618 longioribus
1321 581 1421 619 tecta,
1447 579 1537 610 caule
1564 579 1724 619 ramisque

105 627 293 668 gracilibus,
323 628 510 667 plerumque
545 637 641 667 parce
673 638 809 659 ramosa.
861 628 966 659 Radix
996 629 1145 670 perennis
1175 633 1209 660 ut
1237 630 1332 660 etiam
1368 630 1504 661 omnium
1534 631 1725 669 reliquarum

106 679 286 720 specierum
315 678 443 718 generis
473 682 620 719 (excepto
651 679 757 709 forsan
790 680 827 711 G.
855 680 1069 720 licteroearpo)
1095 681 1238 722 primitus
1268 681 1404 722 simplex
1434 686 1465 712 et
1494 692 1634 721 ramosa,
1664 682 1726 713 cito

106 740 320 770 evanescens,
353 729 441 771 cujus
471 729 501 760 in
533 729 634 760 locum
668 730 795 761 radices
824 730 1009 762 adventitiae
1039 732 1215 763 crassiores
1247 735 1278 762 et
1307 742 1442 764 ramosae
1476 743 1514 764 ex
1551 733 1726 765 rbizoma‘te

107 782 301 824 prodeuntes
333 780 518 812 succedunt.
564 781 644 812 Pars
675 781 804 813 inferior
833 783 933 813 caulis
964 783 1032 813 sive
1064 783 1207 814 rbizoma
1239 793 1295 824 pro
1325 787 1419 815 {etate
1453 785 1556 825 magis
1581 785 1726 816 minusve

106 834 235 873 longum
260 838 291 864 et
314 842 473 871 crassum,
499 832 683 872 plerumque
708 833 821 864 calami
849 834 1005 874 scriptorii
1030 835 1189 874 crassitie,
1213 835 1339 874 oblique
1366 835 1567 868 descendens
1596 838 1645 868 vel
1671 837 1725 868 ho-

106 884 274 924 rizontale,
301 885 436 924 simplex
462 883 520 914 sed
543 883 700 914 interdum
727 895 901 924 ramosum,
928 885 1070 916 caulibus
1095 886 1367 917 marcescentibus
1392 890 1423 917 et
1452 888 1593 928 squamis
1618 899 1726 920 nume-

106 936 189 967 rosis
214 934 396 976 praeditum,
422 939 513 965 extus
538 934 833 976 brunneo-fuscum,
860 937 944 967 intus
968 936 1174 967 albo-luteum
1200 939 1230 968 et
1259 937 1324 968 fere
1356 938 1531 979 lignosum,
1564 940 1594 970 in
1624 939 1729 971 medio

105 987 244 1018 medulla.
267 986 353 1017 molli
377 990 408 1017 et
432 986 574 1017 violacea
599 987 805 1027 completum,
832 987 1072 1028 caryophyllum
1097 988 1236 1028 paullum
1260 989 1425 1030 redolens,
1457 1000 1495 1021 ex
1520 991 1610 1032 apice
1635 991 1727 1033 hujus

107 1039 292 1070 rhizomatis
322 1038 521 1078 explicantur
551 1038 659 1068 caules
691 1039 870 1079 complures
901 1038 1155 1079 adscendentes,
1186 1040 1270 1070 2-3
1299 1040 1399 1081 pedes
1429 1042 1497 1080 alti,
1532 1045 1649 1073 teretes
1679 1042 1729 1073 vel

108 1091 250 1122 obsolete
275 1089 500 1126 obtusinsculi,
527 1090 659 1129 ramosi,
685 1090 803 1128 t'oliosi,
827 1094 975 1131 patentes
999 1094 1054 1121 aut
1077 1095 1166 1131 parte
1190 1090 1338 1122 inferiore
1370 1092 1534 1131 declinati,
1567 1095 1674 1135 pilosi,
1698 1094 1729 1125 hi

106 1141 214 1172 caules
245 1140 276 1171 in
307 1141 399 1180 apice
430 1144 461 1171 et
490 1140 521 1171 in
546 1141 652 1171 axillis
680 1141 844 1181 proferunt
867 1141 961 1172 flores
987 1142 1147 1173 solitarios
1171 1143 1329 1183 longeque
1352 1143 1593 1184 pedunculatos.
1638 1147 1730 1179 Folia

107 1193 261 1224 radicalia
286 1191 456 1222 admodum
481 1192 645 1231 anomala,
674 1193 859 1233 plerumque
883 1193 1058 1233 interrupte
1082 1194 1338 1235 pii-inatipartita,
1364 1196 1489 1227 laciniis
1514 1199 1632 1238 ovatis,
1655 1209 1730 1231 acu—

107 1245 164 1285 tis,
195 1253 310 1284 grosse
340 1247 371 1274 et
400 1253 486 1283 sirpe
516 1243 685 1284 dupliciter
713 1244 861 1285 serratis3
893 1245 1010 1276 lacinia
1034 1246 1210 1276 terminalis
1235 1245 1368 1286 duaeque
1391 1248 1542 1288 proximae
1566 1250 1729 1288 maximae3

106 1297 232 1328 laciuiae
255 1305 329 1326 vero
354 1295 535 1334 inferiores,
561 1305 630 1335 quae
655 1306 765 1327 omnes
791 1300 864 1326 sunt
887 1297 983 1327 multo
1009 1297 1148 1328 minores
1173 1307 1266 1337 quam
1298 1298 1415 1329 lacinia
1446 1309 1611 1341 suprema,
1637 1303 1730 1333 alter-

106 1349 205 1379 natim
231 1347 366 1388 majores
391 1347 580 1378 minoresve.
627 1346 742 1377 Petioli
771 1348 919 1388 earinati,
950 1348 1075 1387 hirsuti,
1110 1348 1176 1379 basi
1210 1348 1353 1380 dilatata.
1399 1350 1491 1381 Folia
1515 1352 1640 1383 caulina
1665 1354 1730 1394 ple-

107 1409 238 1440 rumque
262 1399 352 1430 basin
378 1408 478 1438 nsque
501 1398 646 1437 trisecta‚
673 1398 754 1429 lobis
779 1399 929 1440 ellipticis
956 1400 1006 1430 vel
1027 1399 1201 1439 rhombeis,
1223 1401 1335 1432 acutis.
1382 1401 1513 1442 Stipulae
1531 1408 1646 1443 ovatae,
1664 1406 1732 1445 plu-

108 1452 266 1490 rinervcs,
299 1450 409 1481 incisa}
438 1449 488 1480 vel
517 1449 638 1480 trilobae
665 1449 882 1491 dentataeque,
915 1451 1020 1482 colore
1051 1454 1082 1481 et
1111 1450 1242 1482 hirsutie
1270 1452 1391 1484 similes
1420 1454 1521 1492 soliis,
1551 1465 1675 1496 magnae
1702 1461 1734 1488 et

109 1513 127 1534 a
153 1502 281 1544 petiolis
307 1501 425 1532 liberae.
470 1501 582 1531 Flores
608 1502 703 1532 erecti
729 1502 832 1542 parvi,
859 1502 935 1533 lutei
961 1502 1010 1532 vel
1027 1501 1116 1542 flavi,
1135 1503 1238 1543 plani,
1259 1503 1352 1543 longe
1369 1504 1584 1545 pedunculati.
1631 1508 1734 1549 Calyx

108 1554 165 1584 sub
195 1552 398 1584 florescentia
430 1556 558 1593 patens,
590 1552 662 1583 dein
694 1552 845 1592 reflexus,
877 1553 1056 1584 fructiferus
1089 1560 1286 1585 recurvatus.
1333 1555 1573 1597 Carpophorum
1602 1561 1733 1602 sessile,

109 1605 367 1636 hirsutissimum.
416 1604 566 1644 Carpella
589 1604 656 1635 basi
682 1605 753 1645 pilis
779 1604 925 1635 tenuibus
950 1605 1081 1645 patuliS,
1107 1605 1198 1646 apice
1221 1605 1293 1646 pilis
1318 1606 1521 1646 rigidioribus
1538 1611 1637 1651 tecta,
1656 1611 1733 1642 obo-

109 1660 194 1688 vata.
240 1655 323 1696 Styli
348 1656 500 1686 articulus
526 1656 668 1696 superior
693 1655 815 1695 brevis,
847 1655 917 1687 basi
947 1655 1142 1698 hispidulus,
1167 1657 1350 1697 subglaber.
1374 1676 1416 1682 -
1440 1659 1547 1692 Herba
1571 1664 1637 1693 tota
1660 1663 1733 1694 viri-

109 1708 159 1740 dis
183 1711 217 1739 ut
240 1708 336 1739 etiam
361 1706 532 1747 pedunculi
557 1710 588 1738 et
611 1708 749 1748 calyces.

262 1768 333 1798 Obs,
362 1769 388 1799 1.
435 1768 477 1799 Ut
494 1767 586 1808 hujus
611 1767 743 1798 sormam
770 1777 832 1799 non
858 1777 1006 1808 posssun]
1025 1777 1086 1798 non
1104 1767 1325 1808 considerare,
1344 1773 1507 1809 praeeunte
1528 1771 1561 1803 C.
1575 1773 1603 1804 J.
1617 1773 1733 1805 HART-

109 1828 196 1859 MAN,
226 1820 327 1849 Geum
359 1820 480 1848 hirtum
512 1818 699 1858 Wahlberg,
730 1819 779 1851 Fl.
807 1818 955 1858 Gomon,
986 1829 1017 1859 p.
1041 1819 1092 1851 60.
1138 1818 1307 1860 Specimen
1340 1821 1424 1851 enim
1455 1821 1547 1863 hujus
1573 1825 1691 1864 plantae
1715 1835 1735 1857 a

110 1870 317 1909 Wahlbergio
344 1870 415 1910 ipso
445 1870 559 1900 lectum
591 1870 625 1902 O.
650 1870 827 1901 HARTMAN
856 1870 1009 1901 benevole
1039 1871 1296 1912 communicavit,
1326 1872 1409 1911 quod
1440 1873 1488 1905 vix
1521 1873 1667 1907 differta
1695 1876 1733 1908 G.

110 1924 232 1953 urbano
262 1922 324 1952 nisi
353 1921 469 1962 petalis
499 1921 609 1962 calyce
639 1922 733 1962 paulo
769 1921 965 1952 brevioribus
995 1924 1026 1952 et
1055 1921 1224 1954 hirsutiorc
1260 1922 1368 1955 herba.
1393 1942 1433 1947 —
1458 1925 1494 1955 In
1522 1925 1655 1958 Aresch.
1685 1927 1733 1959 Fl.

111 1973 263 2013 Gothob.,
286 1983 315 2013 p.
338 1973 378 2003 93
406 1973 442 2004 G.
469 1974 646 2003 intermedii
672 1973 796 2004 ”forma
819 1972 952 2003 litoralis
975 1982 1040 2003 sec.
1064 1972 1256 2005 detectorem
1280 1974 1409 2015 ipsum’'
1434 1985 1508 2007 esse
1533 1976 1657 2009 dicitur.
1693 1979 1736 2011 Ut

110 2026 141 2056 in
177 2028 338 2066 posterum
379 2024 569 2064 inquiratur,
611 2024 859 2064 descriptionem
903 2024 1136 2056 WAHLBERGH
1168 2024 1200 2055 in
1234 2024 1265 2056 fl.
1299 2026 1435 2058 Gotbob.
1473 2027 1595 2059 addere
1630 2029 1734 2061 liceat.

115 2077 215 2108 Getam
239 2077 360 2106 hirtum
383 2075 508 2107 Wablb.
533 2075 662 2106 ”Radix
686 2075 875 2115 susiformis,
902 2075 1003 2106 caulis
1028 2075 1199 2116 bipedalis,
1219 2086 1380 2116 ramosus,
1400 2078 1474 2118 pilis
1494 2078 1634 2111 reflexis.
1673 2081 1734 2113 Fo-

111 2129 155 2160 lia
179 2127 335 2158 radicalia
358 2127 624 2168 lyram-pinnata,
651 2126 747 2165 hirta,
773 2125 900 2157 caulina
924 2130 1062 2167 ternata,
1089 2127 1315 2167 glabriuscula.
1351 2128 1462 2160 Flores
1480 2131 1587 2162 erecti.
1626 2132 1735 2164 Cauiis

111 2179 305 2221 pubescens,
331 2179 626 2219 fusco-purpureus.
673 2178 785 2209 Petala
809 2178 919 2218 calyce
943 2178 1104 2218 longiora,
1131 2180 1298 2219 eleganter
1313 2179 1411 2219 flava,
1430 2182 1521 2212 venis
1542 2183 1736 2215 rubicundis.

112 2230 245 2262 Semina
268 2229 412 2270 bispida,
438 2229 545 2260 aristis
571 2230 624 2260 vix
648 2229 770 2260 semine
794 2229 1006 2269 longioribus,
1033 2230 1128 2261 rectis
1151 2231 1291 2271 (minime
1318 2232 1522 2271 geniculatis)
1540 2234 1579 2264 ad
1598 2235 1737 2267 medium

113 2281 264 2323 hispidis,
301 2280 374 2311 dein
410 2280 546 2320 glabris,
584 2279 752 2311 uncinatis.
780 2299 819 2302 —
846 2280 952 2312 Habit.
988 2281 1019 2312 in
1052 2281 1238 2313 Damnat-ks
1269 2282 1366 2324 Lilja,
1399 2284 1472 2315 olim
1496 2284 1736 2329 Danaholmen,

113 2333 257 2374 parcius,
283 2341 383 2373 prope
408 2331 645 2372 Gotboburgum
670 2332 701 2362 in
727 2331 872 2363 Suecia.'⁷

114 2413 192 2449 Syn.
218 2410 259 2441 G.
283 2410 430 2440 urbmzmn
459 2409 479 2448 β
501 2410 613 2439 hirtam
642 2411 754 2439 Hartm.
790 2411 904 2440 Handb.
937 2411 946 2440 i
979 2411 1084 2440 Skand.
1117 2412 1143 2440 fl.
1174 2412 1218 2441 ed.
1251 2414 1285 2448 9,
1315 2424 1343 2452 p.
1374 2415 1444 2443 143.
1470 2431 1510 2434 —
1534 2416 1568 2444 E.
1594 2417 1675 2445 Fries
1711 2418 1740 2446 in

286 2463 351 2491 Bot.
377 2462 492 2490 Notiser
518 2463 615 2496 1865,
640 2473 667 2500 p.
698 2463 767 2490 124.

266 2529 338 2559 Obs.
364 2528 392 2558 2.
440 2528 541 2558 Geum
564 2528 800 2568 hederafoliam
834 2528 936 2560 Gmel.
965 2529 1013 2561 Fl.
1037 2528 1178 2561 Badens.
1207 2530 1240 2571 2,
1273 2540 1305 2571 p.
1328 2529 1392 2561 460
1416 2533 1465 2562 est
1489 2530 1586 2563 dubia
1615 2533 1744 2573 planta,

114 2583 148 2611 ut
174 2589 374 2620 synonymon
399 2589 418 2610 a
443 2579 602 2620 §prengel
627 2578 687 2610 huc
711 2579 829 2620 relata,
854 2579 913 2611 sed
938 2580 1064 2612 videtur
1089 2581 1207 2613 ultimis
1239 2581 1436 2623 temporibus
1465 2583 1628 2624 neglecta,
1651 2594 1745 2624 quum

214 2639 287 2666 Nova
305 2639 372 2665 Acta
390 2639 455 2672 ch.
475 2639 531 2665 Soc.
551 2639 592 2665 Sc.
612 2638 675 2672 Ups.
713 2638 766 2664 Ser.
786 2638 835 2664 m.
1603 2642 1620 2668 4
