2134 3034
452 165 523 198 174
1076 161 1120 196 T.
1150 161 1350 206 Tuonnm..

682 265 712 295 2.
737 262 846 294 Series
875 263 1035 294 oculorum
1065 263 1172 293 antica
1201 263 1308 303 paullo
1338 273 1487 303 recurva,
1518 263 1658 304 postica⁷
1684 263 1824 305 desuper
1847 264 1932 303 visa,
1958 263 2032 295 sub-

739 318 837 345 recta.
884 313 990 353 (Oculi
1019 313 1201 345 intermedii
1231 315 1419 354 plerumque
1449 315 1516 346 fere
1547 315 1577 345 in
1612 316 1831 355 rectangulum
1857 315 2031 356 dispositi).

737 366 874 396 Femora
899 365 1103 406 sub-librata,
1129 366 1273 406 genubus
1298 375 1409 407 parum
1434 366 1579 398 elevatis.
1607 391 1613 397 .
1661 391 1668 397 .
1715 392 1721 397 .
1768 368 1798 398 ⁴2.
1838 367 2029 407 Spamssus.

669 427 714 467 [3.
739 425 848 458 Series
879 427 1040 458 oculorum
1070 426 1179 457 antica
1206 426 1439 467 sub—procurva
1468 428 1518 458 vel
1555 431 1659 467 recta⁷
1689 427 1813 468 postica
1844 428 1951 468 paullo
1981 437 2030 459 re-

737 487 835 508 curva
867 479 918 509 vel
948 478 1122 509 sub-recta.
1170 477 1262 509 Oculi
1286 478 1438 510 laterales
1463 479 1560 510 antici
1585 478 1699 509 mediis
1724 479 1840 509 anticis
1871 489 1933 509 non
1964 489 2030 509 ma-

1728 530 1744 542 c,

737 529 853 561 nifeste
878 529 1025 571 majores.
1079 553 1679 561 ............
1726 543 1755 561 0.
1803 529 2029 570 Helm-opeda]

634 590 660 621 b.
686 589 777 621 Oculi
807 590 902 621 medii
933 590 1029 621 antici
1060 589 1226 621 evidenter
1255 590 1382 629 longius
1409 601 1428 621 a
1452 591 1597 631 margine
1622 591 1728 631 clypei
1752 601 1843 631 quam
1870 601 1889 621 a
1913 590 2028 621 mediis

683 641 817 682 posticis
848 642 971 672 remoti.
1017 641 1157 672 Maxillae
1186 641 1217 672 in
1245 641 1362 672 labium
1392 642 1564 673 inclinatae.
1613 642 1687 682 (Pili
1717 642 1941 673 fasciculorum
1972 651 2030 672 un·

685 693 895 733 guicularium
921 693 1097 733 breviores,
1124 693 1316 733 compressi,
1343 693 1373 723 in
1398 694 1532 724 formam
1556 694 1622 725 fere
1647 694 1770 734 spathae
1796 693 1962 733 dilatatae).

682 763 711 784 α.
736 752 858 783 Pedum
888 753 1052 793 proportio
1083 754 1117 790 2,
1145 755 1178 793 1,
1204 753 1239 793 4,
1265 754 1283 783 3
1313 753 1378 793 (vel
1402 753 1435 793 2,
1465 755 1496 794 1,
1523 754 1554 793 3,
1581 755 1623 794 4).
1670 753 1932 794 Cephalothorax
1956 753 2029 784 bre-

737 804 818 835 viter
843 808 956 835 ovatus
981 805 1031 835 vel
1054 804 1334 836 sub-orbiculatus.

745 865 768 895 1.
796 863 904 895 Series
930 866 1089 896 oculorum
1115 865 1222 895 antica
1245 865 1385 904 modice,
1411 865 1538 905 postica
1562 865 1665 896 levius
1695 874 1844 904 recurva,
1872 864 1954 896 oculi
1980 865 2030 895 la-

791 916 908 946 terales
933 916 1015 947 inter
1043 926 1077 947 se
1101 917 1210 956 paullo
1235 916 1339 947 minus
1364 926 1458 956 quam
1484 915 1581 947 medii
1606 916 1702 947 antici
1721 927 1737 946 a
1757 916 1871 947 mediis
1897 915 2029 957 posticis

789 967 958 998 distantes.
1006 967 1096 999 Oculi
1127 968 1278 999 laterales
1308 967 1423 998 mediis
1453 968 1558 1008 paullo
1583 967 1734 1008 majores.
1782 967 1948 998 Abdomen
1972 966 2028 997 de-

791 1029 951 1060 pressum,
976 1019 1115 1050 breviter
1139 1023 1170 1049 et
1192 1019 1320 1050 inverse
1345 1024 1472 1050 ovatum
1496 1020 1548 1050 vel
1573 1019 1874 1060 sub-pentagonum.
1912 1043 1918 1049 .
2020 1042 2027 1049 .

791 1094 1762 1102 ...................
1808 1071 1838 1101 4.
1876 1071 2027 1100 Artanes.

739 1132 768 1163 2.
794 1130 901 1162 Series
927 1131 1087 1161 oculorum
1112 1130 1214 1161 ambae
1238 1129 1361 1161 modice
1385 1134 1416 1161 et
1439 1130 1604 1171 {equaliter
1627 1140 1783 1170 recurvae3
1808 1130 1958 1161 laterales
1980 1129 2027 1160 in-

792 1188 839 1214 ter
865 1192 899 1213 se
924 1183 1029 1223 spatio
1055 1192 1117 1213 non
1142 1183 1256 1213 minori
1282 1181 1440 1212 distantes
1465 1191 1559 1221 quam
1583 1191 1644 1222 quo
1669 1182 1790 1213 distant
1813 1181 1911 1212 medii
1929 1181 2027 1212 antici

792 1244 811 1264 a
835 1233 950 1265 inediis
981 1233 1122 1274 posticis.
1169 1233 1333 1265 Abdomen
1364 1233 1550 1274 plerumque
1575 1237 1701 1264 ovatum
1727 1234 1777 1264 vel
1801 1233 1930 1264 inverse
1953 1242 2028 1264 ova—

789 1289 854 1316 tum
858 1309 1673 1317 ................
1720 1286 1748 1316 5.
1784 1285 2024 1316 Pltiloclromus.

685 1348 713 1386 ρ’.
737 1345 859 1376 Pedum
884 1346 1045 1386 proportio
1070 1345 1102 1382 2,
1127 1345 1162 1385 4,
1190 1346 1220 1384 1,
1245 1344 1263 1375 3
1290 1345 1341 1375 vel
1366 1347 1400 1383 2,
1425 1346 1459 1384 4,
1486 1345 1519 1385 3,
1549 1347 1586 1376 1:
1610 1345 1711 1376 series
1738 1345 1900 1376 oculorum
1926 1344 2028 1375 ambae

734 1397 854 1428 fortiter
878 1407 1029 1428 recurvae.
1076 1395 1334 1438 Cephalothorax
1359 1399 1389 1427 et
1413 1396 1571 1427 abdomen
1596 1396 1745 1436 oblonga.
1781 1396 1809 1427 6.
1846 1397 2025 1427 leanatus.

567 1460 608 1489 B.
633 1457 741 1489 Series
774 1458 935 1488 oculorum
965 1457 1072 1488 antica
1102 1466 1141 1487 ex
1171 1456 1271 1487 oculis
1301 1457 1334 1496 6,
1360 1456 1486 1497 postica
1510 1466 1550 1487 ex
1575 1457 1594 1487 2
1618 1459 1741 1487 tantum
1765 1457 1866 1488 oculis
1890 1460 2025 1488 constat.

628 1531 1766 1541 ......................
1805 1508 1830 1539 7.
1867 1509 2025 1548 Selenops.

508 1579 544 1598 *ἧς
567 1577 673 1608 Pedes
697 1577 718 1608 4
742 1578 938 1618 posteriores
970 1577 1099 1617 reliquis
1132 1577 1319 1617 graciliores
1344 1580 1375 1607 et
1399 1576 1563 1607 breviores
1588 1577 1695 1608 multo.
1743 1577 1838 1608 Tarsi
1862 1577 2026 1609 fasciculis

566 1629 828 1670 unguicularibus
853 1632 963 1659 carent
966 1651 1675 1660 ..............
1721 1629 1764 1660 Π.
1804 1629 2024 1660 THOMISINAE.

569 1700 610 1729 A.
635 1697 737 1728 Frons
763 1707 832 1727 cum
858 1696 1051 1728 mandibulis
1077 1696 1225 1736 declivis,
1253 1696 1491 1737 sub—porrecta3
1517 1696 1599 1728 oculi
1617 1696 1714 1728 medii
1731 1696 1827 1728 antici
1845 1707 1864 1728 a
1880 1698 2026 1738 margine

640 1748 744 1789 clypei
769 1748 896 1788 longius
921 1747 1079 1779 distantes
1104 1758 1198 1788 quam
1224 1758 1243 1779 a
1266 1748 1379 1779 mediis
1406 1748 1550 1788 posticis.

639 1819 668 1848 1.
694 1816 802 1847 Series
827 1817 987 1847 oculorum
1012 1817 1118 1847 antica
1143 1817 1260 1855 levius⁷
1286 1817 1409 1858 postica
1434 1817 1544 1847 fortius
1575 1826 1722 1856 recurva3
1751 1816 1902 1848 laterales
1928 1818 2026 1849 antici

694 1867 860 1898 evidenter
887 1867 1023 1909 majores
1050 1878 1143 1908 quam
1168 1868 1263 1899 medii
1288 1868 1394 1899 antici.
1441 1868 1621 1909 (Abdomen
1639 1869 1762 1909 postice
1779 1869 1810 1899 in
1828 1868 2025 1900 tuberculum

692 1920 850 1950 elevatum
875 1919 926 1949 vel
952 1919 1360 1960 acuminato-productum).
1422 1944 1751 1952 .......
1798 1920 1826 1951 8.
1864 1920 2025 1952 Monaeses.

637 1982 666 2011 2.
693 1979 801 2011 Series
826 1979 987 2009 oculorum
1013 1979 1119 2009 antica
1143 1979 1270 2018 fortius,
1296 1980 1421 2020 postica
1445 1980 1548 2011 levius
1573 1990 1722 2021 recurva,
1748 1980 1899 2011 laterales
1927 1980 2024 2012 antici

690 2041 751 2062 non
776 2032 916 2072 majores
944 2040 1037 2070 quam
1063 2030 1160 2062 medii
1184 2031 1281 2062 antici
1286 2055 1718 2063 .........
1764 2031 1793 2062 9.
1845 2033 2024 2062 leomz'sus.

571 2101 611 2130 Β.
635 2099 740 2130 Frons
765 2102 796 2130 et
819 2099 1012 2129 mandibulae
1037 2098 1298 2140 sub-verticales3
1323 2099 1405 2131 oculi
1430 2099 1527 2131 medii
1552 2099 1649 2131 antici
1675 2110 1737 2130 non
1762 2100 1888 2139 longius
1907 2111 1925 2131 a
1942 2110 2025 2131 mar-

638 2151 713 2191 gine
738 2151 843 2191 clypei
869 2160 963 2190 quam
989 2161 1006 2181 a
1031 2150 1145 2181 mediis
1171 2151 1304 2190 posticis
1329 2151 1450 2181 remoti.

639 2223 666 2242 a.
693 2211 800 2243 Series
825 2212 986 2242 oculorum
1011 2211 1118 2242 antica
1140 2212 1210 2252 plus
1235 2212 1338 2242 minus
1364 2221 1507 2242 recurva.

692 2283 721 2303 α.
747 2271 838 2303 Oculi
873 2272 1024 2303 laterales
1060 2271 1176 2312 postici
1211 2271 1263 2302 vix
1299 2271 1349 2302 vel
1384 2281 1445 2302 non
1479 2271 1616 2313 majores
1646 2281 1742 2311 quani
1771 2271 1868 2303 medii
1898 2271 2022 2313 postici.

747 2322 853 2363 (Oculi
883 2324 904 2353 4
933 2323 1029 2354 medii
1059 2323 1242 2363 plerumque
1266 2322 1298 2353 in
1323 2323 1498 2363 trapezium
1523 2323 1628 2354 antice
1653 2324 1822 2363 angustius
1848 2323 2024 2364 dispositi).

746 2375 857 2406 Aculei
881 2374 1029 2406 tibiarum
1054 2374 1202 2414 graciles.

749 2437 775 2467 1.
800 2435 908 2467 Series
943 2435 1106 2466 oculorum
1142 2435 1318 2465 anticorum
1352 2434 1479 2473 fortius,
1516 2435 1711 2475 posticorum
1746 2435 1848 2467 levius
1873 2444 2023 2476 recurvat,

801 2488 884 2518 oculi
918 2486 1072 2518 laterales
1099 2486 1196 2516 antici
1227 2496 1289 2517 non
1319 2486 1370 2517 vel
1397 2495 1507 2527 parum
1537 2486 1677 2527 majores
1713 2497 1809 2527 quam
1841 2485 2024 2518 intermedii

801 2539 906 2569 antici.
962 2563 967 2569 .
1017 2561 1702 2570 ..............
1745 2539 1793 2570 10.
1829 2539 2024 2569 Misumena.
