<?xml version="1.0" encoding="UTF-8"?>
<!DOCTYPE html PUBLIC "-//W3C//DTD XHTML 1.0 Transitional//EN"
    "http://www.w3.org/TR/xhtml1/DTD/xhtml1-transitional.dtd">
<html xmlns="http://www.w3.org/1999/xhtml" xml:lang="en" lang="en">
 <head>
  <title>
</title>
<meta http-equiv="Content-Type" content="text/html;charset=utf-8" />
  <meta name='ocr-system' content='tesseract 3.04.00' />
  <meta name='ocr-capabilities' content='ocr_page ocr_carea ocr_par ocr_line ocrx_word'/>
</head>
<body>
  <div class='ocr_page' id='page_1' title='image "./novaactaregiaeso37kung_0056.png"; bbox 0 0 2134 3034; ppageno 0'>
   <div class='ocr_carea' id='block_1_1' title="bbox 432 208 1405 254">
    <p class='ocr_par' dir='ltr' id='par_1_1' title="bbox 432 208 1405 254">
     <span class='ocr_line' id='line_1_1' title="bbox 432 208 1405 254; baseline -0.003 -6"><span class='ocrx_word' id='word_1_1' title='bbox 432 215 481 248; x_wconf 76' lang='lat'>44</span> <span class='ocrx_word' id='word_1_2' title='bbox 990 208 1024 246; x_wconf 76' lang='lat' dir='ltr'>J.</span> <span class='ocrx_word' id='word_1_3' title='bbox 1053 209 1095 244; x_wconf 79' lang='lat' dir='ltr'>E.</span> <span class='ocrx_word' id='word_1_4' title='bbox 1125 209 1405 254; x_wconf 79' lang='lat' dir='ltr'><strong>ZETTERSTEDT,</strong></span> 
     </span>
    </p>
   </div>
   <div class='ocr_carea' id='block_1_2' title="bbox 384 310 2010 404">
    <p class='ocr_par' dir='ltr' id='par_1_2' title="bbox 384 310 2010 404">
     <span class='ocr_line' id='line_1_2' title="bbox 533 310 2010 352; baseline -0.001 -9"><span class='ocrx_word' id='word_1_5' title='bbox 533 313 569 343; x_wconf 92' lang='lat' dir='ltr'>In</span> <span class='ocrx_word' id='word_1_6' title='bbox 601 311 757 342; x_wconf 84' lang='lat' dir='ltr'>umbrosis</span> <span class='ocrx_word' id='word_1_7' title='bbox 787 310 828 342; x_wconf 81' lang='lat' dir='ltr'>ad</span> <span class='ocrx_word' id='word_1_8' title='bbox 857 314 974 342; x_wconf 79' lang='lat' dir='ltr'>terram</span> <span class='ocrx_word' id='word_1_9' title='bbox 1001 310 1163 341; x_wconf 83' lang='lat' dir='ltr'>humidam</span> <span class='ocrx_word' id='word_1_10' title='bbox 1188 311 1330 352; x_wconf 84' lang='lat' dir='ltr'>pluribus</span> <span class='ocrx_word' id='word_1_11' title='bbox 1355 311 1448 351; x_wconf 81' lang='lat' dir='ltr'>Iocis,</span> <span class='ocrx_word' id='word_1_12' title='bbox 1479 321 1508 342; x_wconf 89' lang='lat' dir='ltr'>v.</span> <span class='ocrx_word' id='word_1_13' title='bbox 1534 320 1559 342; x_wconf 86' lang='lat' dir='ltr'>c.</span> <span class='ocrx_word' id='word_1_14' title='bbox 1586 310 1819 352; x_wconf 80' lang='lat' dir='ltr'>Ottenbylund,</span> <span class='ocrx_word' id='word_1_15' title='bbox 1847 311 2010 352; x_wconf 70' lang='lat' dir='ltr'>F&#39;arjesta—</span> 
     </span>
     <span class='ocr_line' id='line_1_3' title="bbox 384 362 1371 404; baseline -0.002 -10"><span class='ocrx_word' id='word_1_16' title='bbox 384 364 461 401; x_wconf 79' lang='lat' dir='ltr'>den,</span> <span class='ocrx_word' id='word_1_17' title='bbox 485 363 576 394; x_wconf 71' lang='lat' dir='ltr'>Roda</span> <span class='ocrx_word' id='word_1_18' title='bbox 602 362 788 404; x_wconf 79' lang='lat' dir='ltr'>kronopark</span> <span class='ocrx_word' id='word_1_19' title='bbox 811 362 842 393; x_wconf 89' lang='lat' dir='ltr'>in</span> <span class='ocrx_word' id='word_1_20' title='bbox 866 362 1127 402; x_wconf 75' lang='lat' dir='ltr'>Bogateskogen.</span> <span class='ocrx_word' id='word_1_21' title='bbox 1147 381 1186 384; x_wconf 93' lang='lat'>——</span> <span class='ocrx_word' id='word_1_22' title='bbox 1212 362 1249 392; x_wconf 92' lang='lat' dir='ltr'>A.</span> <span class='ocrx_word' id='word_1_23' title='bbox 1271 362 1312 393; x_wconf 90' lang='lat' dir='ltr'>M.</span> <span class='ocrx_word' id='word_1_24' title='bbox 1336 362 1371 392; x_wconf 90' lang='lat' dir='ltr'>B.</span> 
     </span>
    </p>
   </div>
   <div class='ocr_carea' id='block_1_3' title="bbox 383 437 2009 546">
    <p class='ocr_par' dir='ltr' id='par_1_3' title="bbox 383 437 2009 546">
     <span class='ocr_line' id='line_1_4' title="bbox 383 437 2009 488; baseline -0.001 -12"><span class='ocrx_word' id='word_1_25' title='bbox 383 443 440 476; x_wconf 84' lang='lat'>20.</span> <span class='ocrx_word' id='word_1_26' title='bbox 494 441 712 488; x_wconf 73' lang='lat' dir='ltr'>Loplzocolea</span> <span class='ocrx_word' id='word_1_27' title='bbox 746 440 863 474; x_wconf 69' lang='lat' dir='ltr'>minor</span> <span class='ocrx_word' id='word_1_28' title='bbox 896 439 939 475; x_wconf 91' lang='lat' dir='ltr'>N.</span> <span class='ocrx_word' id='word_1_29' title='bbox 966 451 997 473; x_wconf 80' lang='lat' dir='ltr'>v.</span> <span class='ocrx_word' id='word_1_30' title='bbox 1025 439 1088 474; x_wconf 86' lang='lat' dir='ltr'>Es.</span> <span class='ocrx_word' id='word_1_31' title='bbox 1116 460 1166 464; x_wconf 95' lang='lat'>—</span> <span class='ocrx_word' id='word_1_32' title='bbox 1193 437 1277 484; x_wconf 78' lang='lat' dir='ltr'>Syn.</span> <span class='ocrx_word' id='word_1_33' title='bbox 1311 437 1403 484; x_wconf 89' lang='lat' dir='ltr'>Hep.</span> <span class='ocrx_word' id='word_1_34' title='bbox 1437 449 1470 484; x_wconf 89' lang='lat' dir='ltr'>p.</span> <span class='ocrx_word' id='word_1_35' title='bbox 1510 439 1589 474; x_wconf 81' lang='grc'>160.</span> <span class='ocrx_word' id='word_1_36' title='bbox 1618 460 1665 464; x_wconf 84' lang='lat'>——</span> <span class='ocrx_word' id='word_1_37' title='bbox 1693 438 1735 475; x_wconf 86' lang='lat' dir='ltr'>N.</span> <span class='ocrx_word' id='word_1_38' title='bbox 1764 450 1796 474; x_wconf 78' lang='lat' dir='ltr'>v.</span> <span class='ocrx_word' id='word_1_39' title='bbox 1825 438 1888 473; x_wconf 81' lang='lat' dir='ltr'>Es.</span> <span class='ocrx_word' id='word_1_40' title='bbox 1917 438 2009 485; x_wconf 90' lang='lat' dir='ltr'>Hep.</span> 
     </span>
     <span class='ocr_line' id='line_1_5' title="bbox 549 496 1490 546; baseline -0.003 -12"><span class='ocrx_word' id='word_1_41' title='bbox 549 511 619 536; x_wconf 88' lang='lat' dir='ltr'>eur.</span> <span class='ocrx_word' id='word_1_42' title='bbox 647 499 696 543; x_wconf 81' lang='grc' dir='ltr'>ΙΙ,</span> <span class='ocrx_word' id='word_1_43' title='bbox 721 511 754 546; x_wconf 91' lang='lat' dir='ltr'>p.</span> <span class='ocrx_word' id='word_1_44' title='bbox 784 500 867 535; x_wconf 76' lang='lat'>330.</span> <span class='ocrx_word' id='word_1_45' title='bbox 896 520 945 523; x_wconf 83' lang='lat'>—</span> <span class='ocrx_word' id='word_1_46' title='bbox 972 497 1110 532; x_wconf 86' lang='lat' dir='ltr'>Hartm.</span> <span class='ocrx_word' id='word_1_47' title='bbox 1140 497 1190 533; x_wconf 86' lang='lat' dir='ltr'>Fl.</span> <span class='ocrx_word' id='word_1_48' title='bbox 1221 496 1275 533; x_wconf 88' lang='lat' dir='ltr'>ed.</span> <span class='ocrx_word' id='word_1_49' title='bbox 1306 498 1343 541; x_wconf 99' lang='lat'>9,</span> <span class='ocrx_word' id='word_1_50' title='bbox 1371 509 1404 543; x_wconf 82' lang='lat' dir='ltr'>p.</span> <span class='ocrx_word' id='word_1_51' title='bbox 1434 498 1490 531; x_wconf 79' lang='lat'>95.</span> 
     </span>
    </p>
   </div>
   <div class='ocr_carea' id='block_1_4' title="bbox 381 573 2008 721">
    <p class='ocr_par' dir='ltr' id='par_1_4' title="bbox 381 573 2008 721">
     <span class='ocr_line' id='line_1_6' title="bbox 532 573 2007 614; baseline -0.002 -6"><span class='ocrx_word' id='word_1_52' title='bbox 532 576 583 608; x_wconf 85' lang='lat' dir='ltr'>Ad</span> <span class='ocrx_word' id='word_1_53' title='bbox 611 579 745 614; x_wconf 83' lang='lat' dir='ltr'>terram,</span> <span class='ocrx_word' id='word_1_54' title='bbox 775 584 857 606; x_wconf 81' lang='lat' dir='ltr'>saxa</span> <span class='ocrx_word' id='word_1_55' title='bbox 885 578 945 605; x_wconf 82' lang='lat' dir='ltr'>etc.</span> <span class='ocrx_word' id='word_1_56' title='bbox 974 574 1118 614; x_wconf 87' lang='lat' dir='ltr'>pluribus</span> <span class='ocrx_word' id='word_1_57' title='bbox 1143 573 1238 612; x_wconf 85' lang='lat' dir='ltr'>locis,</span> <span class='ocrx_word' id='word_1_58' title='bbox 1263 573 1450 613; x_wconf 88' lang='lat' dir='ltr'>plerumque</span> <span class='ocrx_word' id='word_1_59' title='bbox 1473 576 1580 604; x_wconf 82' lang='lat' dir='ltr'>tamen</span> <span class='ocrx_word' id='word_1_60' title='bbox 1604 583 1716 613; x_wconf 79' lang='lat' dir='ltr'>parce,</span> <span class='ocrx_word' id='word_1_61' title='bbox 1742 583 1770 604; x_wconf 91' lang='lat' dir='ltr'>v.</span> <span class='ocrx_word' id='word_1_62' title='bbox 1796 583 1821 604; x_wconf 90' lang='lat' dir='ltr'>c.</span> <span class='ocrx_word' id='word_1_63' title='bbox 1847 574 1951 605; x_wconf 79' lang='lat' dir='ltr'>Tveta</span> <span class='ocrx_word' id='word_1_64' title='bbox 1975 574 2007 605; x_wconf 90' lang='lat' dir='ltr'>in</span> 
     </span>
     <span class='ocr_line' id='line_1_7' title="bbox 382 624 2008 667; baseline -0.002 -7"><span class='ocrx_word' id='word_1_65' title='bbox 382 629 472 660; x_wconf 79' lang='lat' dir='ltr'>silvis</span> <span class='ocrx_word' id='word_1_66' title='bbox 501 632 532 660; x_wconf 85' lang='lat' dir='ltr'>et</span> <span class='ocrx_word' id='word_1_67' title='bbox 560 627 742 658; x_wconf 87' lang='lat' dir='ltr'>nemoribus</span> <span class='ocrx_word' id='word_1_68' title='bbox 772 636 836 657; x_wconf 86' lang='lat' dir='ltr'>una</span> <span class='ocrx_word' id='word_1_69' title='bbox 866 635 936 656; x_wconf 90' lang='lat' dir='ltr'>cum</span> <span class='ocrx_word' id='word_1_70' title='bbox 966 626 1161 667; x_wconf 53' lang='lat' dir='ltr'>Loplzocolea</span> <span class='ocrx_word' id='word_1_71' title='bbox 1191 624 1422 664; x_wconf 65' lang='lat' dir='ltr'>lwteroplzylla,</span> <span class='ocrx_word' id='word_1_72' title='bbox 1452 624 1644 664; x_wconf 84' lang='lat' dir='ltr'>Borgholms</span> <span class='ocrx_word' id='word_1_73' title='bbox 1675 625 1897 656; x_wconf 83' lang='lat' dir='ltr'>slottsbranter</span> <span class='ocrx_word' id='word_1_74' title='bbox 1921 625 2008 656; x_wconf 86' lang='lat' dir='ltr'>etin</span> 
     </span>
     <span class='ocr_line' id='line_1_8' title="bbox 381 675 1248 721; baseline -0.007 -9"><span class='ocrx_word' id='word_1_75' title='bbox 381 680 540 721; x_wconf 84' lang='lat' dir='ltr'>quercetis</span> <span class='ocrx_word' id='word_1_76' title='bbox 566 688 668 720; x_wconf 89' lang='lat' dir='ltr'>prope</span> <span class='ocrx_word' id='word_1_77' title='bbox 692 687 780 708; x_wconf 82' lang='lat' dir='ltr'>mare</span> <span class='ocrx_word' id='word_1_78' title='bbox 803 676 969 708; x_wconf 82' lang='lat' dir='ltr'><strong>meridiem</strong></span> <span class='ocrx_word' id='word_1_79' title='bbox 994 686 1117 707; x_wconf 82' lang='lat' dir='ltr'>versus.</span> <span class='ocrx_word' id='word_1_80' title='bbox 1142 694 1184 698; x_wconf 88' lang='lat'>-—</span> <span class='ocrx_word' id='word_1_81' title='bbox 1206 675 1248 706; x_wconf 84' lang='lat' dir='ltr'>M.</span> 
     </span>
    </p>
   </div>
   <div class='ocr_carea' id='block_1_5' title="bbox 382 752 2011 862">
    <p class='ocr_par' dir='ltr' id='par_1_5' title="bbox 382 752 2011 862">
     <span class='ocr_line' id='line_1_9' title="bbox 382 752 2011 805; baseline -0.003 -11"><span class='ocrx_word' id='word_1_82' title='bbox 382 761 439 795; x_wconf 96' lang='lat'>21.</span> <span class='ocrx_word' id='word_1_83' title='bbox 493 757 711 805; x_wconf 72' lang='lat' dir='ltr'>Lophocolea</span> <span class='ocrx_word' id='word_1_84' title='bbox 745 755 977 803; x_wconf 69' lang='lat' dir='ltr'>heteroplzylla</span> <span class='ocrx_word' id='word_1_85' title='bbox 1012 753 1189 800; x_wconf 78' lang='lat' dir='ltr'>(Solu-ad.)</span> <span class='ocrx_word' id='word_1_86' title='bbox 1225 775 1275 778; x_wconf 85' lang='lat'>—</span> <span class='ocrx_word' id='word_1_87' title='bbox 1311 752 1396 799; x_wconf 79' lang='lat' dir='ltr'>Syn.</span> <span class='ocrx_word' id='word_1_88' title='bbox 1432 752 1526 800; x_wconf 85' lang='lat' dir='ltr'>Hep.</span> <span class='ocrx_word' id='word_1_89' title='bbox 1562 765 1595 800; x_wconf 86' lang='lat' dir='ltr'>p.</span> <span class='ocrx_word' id='word_1_90' title='bbox 1634 755 1714 788; x_wconf 75' lang='lat'>164.</span> <span class='ocrx_word' id='word_1_91' title='bbox 1739 775 1788 778; x_wconf 97' lang='lat'><strong>—</strong></span> <span class='ocrx_word' id='word_1_92' title='bbox 1817 753 1861 790; x_wconf 91' lang='lat' dir='ltr'>N.</span> <span class='ocrx_word' id='word_1_93' title='bbox 1889 765 1922 788; x_wconf 88' lang='lat' dir='ltr'>v.</span> <span class='ocrx_word' id='word_1_94' title='bbox 1947 753 2011 789; x_wconf 84' lang='lat' dir='ltr'>Es.</span> 
     </span>
     <span class='ocr_line' id='line_1_10' title="bbox 548 811 1622 862; baseline -0.005 -10"><span class='ocrx_word' id='word_1_95' title='bbox 548 816 640 862; x_wconf 91' lang='lat' dir='ltr'>Hep.</span> <span class='ocrx_word' id='word_1_96' title='bbox 670 825 743 850; x_wconf 87' lang='lat' dir='ltr'>eur.</span> <span class='ocrx_word' id='word_1_97' title='bbox 771 814 823 855; x_wconf 92' lang='grc' dir='ltr'>ΙΙ,</span> <span class='ocrx_word' id='word_1_98' title='bbox 849 825 882 860; x_wconf 90' lang='lat' dir='ltr'>p.</span> <span class='ocrx_word' id='word_1_99' title='bbox 913 814 995 848; x_wconf 78' lang='lat'>338.</span> <span class='ocrx_word' id='word_1_100' title='bbox 1023 834 1073 838; x_wconf 84' lang='lat'>—--</span> <span class='ocrx_word' id='word_1_101' title='bbox 1099 812 1237 848; x_wconf 81' lang='lat' dir='ltr'>Hartm.</span> <span class='ocrx_word' id='word_1_102' title='bbox 1266 811 1320 848; x_wconf 88' lang='lat' dir='ltr'>Fl.</span> <span class='ocrx_word' id='word_1_103' title='bbox 1350 811 1403 847; x_wconf 88' lang='lat' dir='ltr'>ed.</span> <span class='ocrx_word' id='word_1_104' title='bbox 1434 814 1472 855; x_wconf 89' lang='grc'>9,</span> <span class='ocrx_word' id='word_1_105' title='bbox 1502 824 1535 858; x_wconf 91' lang='lat' dir='ltr'>p.</span> <span class='ocrx_word' id='word_1_106' title='bbox 1565 814 1622 847; x_wconf 83' lang='lat'>95.</span> 
     </span>
    </p>
   </div>
   <div class='ocr_carea' id='block_1_6' title="bbox 383 888 2009 987">
    <p class='ocr_par' dir='ltr' id='par_1_6' title="bbox 383 888 2009 987">
     <span class='ocr_line' id='line_1_11' title="bbox 530 888 2009 932; baseline -0.004 -7"><span class='ocrx_word' id='word_1_107' title='bbox 530 893 582 925; x_wconf 88' lang='lat' dir='ltr'>Ad</span> <span class='ocrx_word' id='word_1_108' title='bbox 603 893 693 932; x_wconf 84' lang='lat' dir='ltr'>ligna</span> <span class='ocrx_word' id='word_1_109' title='bbox 716 889 844 932; x_wconf 78' lang='lat' dir='ltr'>putrida</span> <span class='ocrx_word' id='word_1_110' title='bbox 867 893 898 920; x_wconf 85' lang='lat' dir='ltr'>et</span> <span class='ocrx_word' id='word_1_111' title='bbox 921 888 1115 928; x_wconf 77' lang='lat' dir='ltr'>vegetabilia</span> <span class='ocrx_word' id='word_1_112' title='bbox 1138 888 1357 928; x_wconf 77' lang='lat' dir='ltr'>putrescentia</span> <span class='ocrx_word' id='word_1_113' title='bbox 1380 888 1522 928; x_wconf 86' lang='lat' dir='ltr'>pluribus</span> <span class='ocrx_word' id='word_1_114' title='bbox 1546 889 1641 925; x_wconf 86' lang='lat' dir='ltr'>locis,</span> <span class='ocrx_word' id='word_1_115' title='bbox 1670 899 1698 920; x_wconf 89' lang='lat' dir='ltr'>v.</span> <span class='ocrx_word' id='word_1_116' title='bbox 1724 899 1749 920; x_wconf 91' lang='lat' dir='ltr'>c.</span> <span class='ocrx_word' id='word_1_117' title='bbox 1776 888 2009 930; x_wconf 86' lang='lat' dir='ltr'>Ottenbylund,</span> 
     </span>
     <span class='ocr_line' id='line_1_12' title="bbox 383 939 1776 987; baseline -0.01 -7"><span class='ocrx_word' id='word_1_118' title='bbox 383 950 502 987; x_wconf 84' lang='lat' dir='ltr'>Tveta,</span> <span class='ocrx_word' id='word_1_119' title='bbox 528 944 689 983; x_wconf 59' lang='lat' dir='ltr'>Griffiorg,</span> <span class='ocrx_word' id='word_1_120' title='bbox 714 941 805 973; x_wconf 79' lang='lat' dir='ltr'>B&#39;oda</span> <span class='ocrx_word' id='word_1_121' title='bbox 829 939 1015 980; x_wconf 82' lang='lat' dir='ltr'>kronopark</span> <span class='ocrx_word' id='word_1_122' title='bbox 1039 939 1071 970; x_wconf 88' lang='lat' dir='ltr'>in</span> <span class='ocrx_word' id='word_1_123' title='bbox 1096 939 1348 979; x_wconf 81' lang='lat' dir='ltr'>Bogateskogen</span> <span class='ocrx_word' id='word_1_124' title='bbox 1374 958 1413 961; x_wconf 86' lang='lat'><strong>—</strong></span> <span class='ocrx_word' id='word_1_125' title='bbox 1438 949 1464 970; x_wconf 87' lang='lat' dir='ltr'>c.</span> <span class='ocrx_word' id='word_1_126' title='bbox 1488 940 1524 971; x_wconf 87' lang='lat' dir='ltr'>fr.</span> <span class='ocrx_word' id='word_1_127' title='bbox 1550 959 1589 963; x_wconf 66' lang='grc'>»-</span> <span class='ocrx_word' id='word_1_128' title='bbox 1613 941 1651 972; x_wconf 83' lang='grc' dir='ltr'>Α.</span> <span class='ocrx_word' id='word_1_129' title='bbox 1676 941 1716 971; x_wconf 88' lang='grc' dir='ltr'>Μ,</span> <span class='ocrx_word' id='word_1_130' title='bbox 1741 941 1776 972; x_wconf 83' lang='grc' dir='ltr'>Β,</span> 
     </span>
    </p>
   </div>
   <div class='ocr_carea' id='block_1_7' title="bbox 382 1015 2012 1124">
    <p class='ocr_par' dir='ltr' id='par_1_7' title="bbox 382 1015 2012 1124">
     <span class='ocr_line' id='line_1_13' title="bbox 382 1015 2012 1068; baseline -0.005 -7"><span class='ocrx_word' id='word_1_131' title='bbox 382 1027 438 1061; x_wconf 81' lang='lat'>22.</span> <span class='ocrx_word' id='word_1_132' title='bbox 500 1021 732 1068; x_wconf 74' lang='lat' dir='ltr'>Chioscyphus</span> <span class='ocrx_word' id='word_1_133' title='bbox 756 1019 945 1067; x_wconf 75' lang='lat' dir='ltr'>pallescens</span> <span class='ocrx_word' id='word_1_134' title='bbox 974 1015 1150 1062; x_wconf 80' lang='lat' dir='ltr'>(Schrad.)</span> <span class='ocrx_word' id='word_1_135' title='bbox 1179 1037 1229 1040; x_wconf 84' lang='lat'>—-</span> <span class='ocrx_word' id='word_1_136' title='bbox 1257 1015 1341 1062; x_wconf 87' lang='lat' dir='ltr'>Syn.</span> <span class='ocrx_word' id='word_1_137' title='bbox 1367 1015 1459 1062; x_wconf 79' lang='lat' dir='ltr'>Hep.</span> <span class='ocrx_word' id='word_1_138' title='bbox 1487 1028 1519 1063; x_wconf 82' lang='lat' dir='ltr'>p.</span> <span class='ocrx_word' id='word_1_139' title='bbox 1552 1018 1633 1052; x_wconf 82' lang='lat'>187.</span> <span class='ocrx_word' id='word_1_140' title='bbox 1652 1039 1702 1043; x_wconf 77' lang='lat'>—</span> <span class='ocrx_word' id='word_1_141' title='bbox 1721 1017 1766 1052; x_wconf 87' lang='lat' dir='ltr'>N.</span> <span class='ocrx_word' id='word_1_142' title='bbox 1785 1029 1816 1053; x_wconf 88' lang='lat' dir='ltr'>V.</span> <span class='ocrx_word' id='word_1_143' title='bbox 1836 1017 1898 1054; x_wconf 85' lang='lat' dir='ltr'>Es.</span> <span class='ocrx_word' id='word_1_144' title='bbox 1918 1017 2012 1064; x_wconf 85' lang='lat' dir='ltr'>Hep.</span> 
     </span>
     <span class='ocr_line' id='line_1_14' title="bbox 550 1074 1503 1124; baseline -0.005 -9"><span class='ocrx_word' id='word_1_145' title='bbox 550 1091 622 1116; x_wconf 86' lang='lat' dir='ltr'>eur.</span> <span class='ocrx_word' id='word_1_146' title='bbox 650 1078 701 1123; x_wconf 81' lang='grc' dir='ltr'>ΙΙ,</span> <span class='ocrx_word' id='word_1_147' title='bbox 729 1089 762 1124; x_wconf 88' lang='lat' dir='ltr'>p.</span> <span class='ocrx_word' id='word_1_148' title='bbox 793 1078 875 1112; x_wconf 80' lang='grc'>369.</span> <span class='ocrx_word' id='word_1_149' title='bbox 903 1096 953 1101; x_wconf 90' lang='lat'>—</span> <span class='ocrx_word' id='word_1_150' title='bbox 980 1074 1119 1110; x_wconf 75' lang='lat' dir='ltr'>Hal-tm.</span> <span class='ocrx_word' id='word_1_151' title='bbox 1148 1074 1202 1109; x_wconf 89' lang='lat' dir='ltr'>Fl.</span> <span class='ocrx_word' id='word_1_152' title='bbox 1231 1074 1285 1110; x_wconf 86' lang='lat' dir='ltr'>ed.</span> <span class='ocrx_word' id='word_1_153' title='bbox 1317 1076 1355 1119; x_wconf 87' lang='lat'>9,</span> <span class='ocrx_word' id='word_1_154' title='bbox 1383 1087 1415 1121; x_wconf 84' lang='lat' dir='ltr'>p.</span> <span class='ocrx_word' id='word_1_155' title='bbox 1446 1076 1503 1110; x_wconf 84' lang='grc'>96.</span> 
     </span>
    </p>
   </div>
   <div class='ocr_carea' id='block_1_8' title="bbox 382 1150 2010 1254">
    <p class='ocr_par' dir='ltr' id='par_1_8' title="bbox 382 1150 2010 1254">
     <span class='ocr_line' id='line_1_15' title="bbox 531 1150 2010 1194; baseline -0.009 -6"><span class='ocrx_word' id='word_1_156' title='bbox 531 1158 568 1189; x_wconf 92' lang='lat' dir='ltr'>In</span> <span class='ocrx_word' id='word_1_157' title='bbox 602 1155 682 1187; x_wconf 85' lang='lat' dir='ltr'>loeis</span> <span class='ocrx_word' id='word_1_158' title='bbox 713 1152 860 1194; x_wconf 82' lang='lat' dir='ltr'>aquosis,</span> <span class='ocrx_word' id='word_1_159' title='bbox 890 1151 932 1182; x_wconf 80' lang='lat' dir='ltr'>ad</span> <span class='ocrx_word' id='word_1_160' title='bbox 956 1151 1119 1191; x_wconf 76' lang='lat' dir='ltr'>margines</span> <span class='ocrx_word' id='word_1_161' title='bbox 1143 1150 1295 1191; x_wconf 79' lang='lat' dir='ltr'>paludum</span> <span class='ocrx_word' id='word_1_162' title='bbox 1320 1154 1394 1191; x_wconf 58' lang='lat' dir='ltr'>etc„</span> <span class='ocrx_word' id='word_1_163' title='bbox 1419 1162 1447 1183; x_wconf 92' lang='lat' dir='ltr'>v.</span> <span class='ocrx_word' id='word_1_164' title='bbox 1473 1161 1498 1182; x_wconf 86' lang='lat' dir='ltr'>e.</span> <span class='ocrx_word' id='word_1_165' title='bbox 1522 1151 1753 1192; x_wconf 77' lang='lat' dir='ltr'>Ottenbylund,</span> <span class='ocrx_word' id='word_1_166' title='bbox 1779 1151 1870 1183; x_wconf 80' lang='lat' dir='ltr'>B&#39;oda</span> <span class='ocrx_word' id='word_1_167' title='bbox 1895 1151 2010 1183; x_wconf 79' lang='lat' dir='ltr'>krono-</span> 
     </span>
     <span class='ocr_line' id='line_1_16' title="bbox 382 1203 992 1254; baseline -0.018 -10"><span class='ocrx_word' id='word_1_168' title='bbox 382 1212 464 1254; x_wconf 76' lang='lat' dir='ltr'>pai-k</span> <span class='ocrx_word' id='word_1_169' title='bbox 486 1211 518 1241; x_wconf 87' lang='lat' dir='ltr'>in</span> <span class='ocrx_word' id='word_1_170' title='bbox 542 1205 806 1248; x_wconf 80' lang='lat' dir='ltr'>Bogateskogen.</span> <span class='ocrx_word' id='word_1_171' title='bbox 831 1222 870 1225; x_wconf 94' lang='lat'>—</span> <span class='ocrx_word' id='word_1_172' title='bbox 895 1203 932 1234; x_wconf 91' lang='lat' dir='ltr'>A.</span> <span class='ocrx_word' id='word_1_173' title='bbox 958 1203 992 1233; x_wconf 88' lang='lat' dir='ltr'>B.</span> 
     </span>
    </p>
   </div>
   <div class='ocr_carea' id='block_1_9' title="bbox 382 1277 2010 1387">
    <p class='ocr_par' dir='ltr' id='par_1_9' title="bbox 382 1277 2010 1387">
     <span class='ocr_line' id='line_1_17' title="bbox 382 1277 2010 1331; baseline -0.005 -8"><span class='ocrx_word' id='word_1_174' title='bbox 382 1289 439 1323; x_wconf 80' lang='lat'>23.</span> <span class='ocrx_word' id='word_1_175' title='bbox 499 1282 709 1331; x_wconf 67' lang='lat' dir='ltr'>Calypoyeja</span> <span class='ocrx_word' id='word_1_176' title='bbox 743 1279 987 1315; x_wconf 76' lang='lat' dir='ltr'>Trichomanis</span> <span class='ocrx_word' id='word_1_177' title='bbox 1015 1277 1149 1324; x_wconf 80' lang='lat' dir='ltr'>(Scop.)</span> <span class='ocrx_word' id='word_1_178' title='bbox 1177 1300 1227 1304; x_wconf 97' lang='lat'><strong>—</strong></span> <span class='ocrx_word' id='word_1_179' title='bbox 1255 1278 1339 1325; x_wconf 75' lang='lat' dir='ltr'>Syn.</span> <span class='ocrx_word' id='word_1_180' title='bbox 1368 1278 1461 1325; x_wconf 83' lang='lat' dir='ltr'>Hep.</span> <span class='ocrx_word' id='word_1_181' title='bbox 1489 1291 1522 1326; x_wconf 92' lang='lat' dir='ltr'>p.</span> <span class='ocrx_word' id='word_1_182' title='bbox 1553 1280 1633 1314; x_wconf 85' lang='lat'>198.</span> <span class='ocrx_word' id='word_1_183' title='bbox 1652 1302 1702 1304; x_wconf 96' lang='lat'><strong>—</strong></span> <span class='ocrx_word' id='word_1_184' title='bbox 1721 1279 1765 1315; x_wconf 89' lang='lat' dir='ltr'>N.</span> <span class='ocrx_word' id='word_1_185' title='bbox 1785 1292 1816 1314; x_wconf 83' lang='lat' dir='ltr'>v.</span> <span class='ocrx_word' id='word_1_186' title='bbox 1835 1279 1898 1315; x_wconf 81' lang='lat' dir='ltr'>Es.</span> <span class='ocrx_word' id='word_1_187' title='bbox 1917 1280 2010 1328; x_wconf 89' lang='lat' dir='ltr'>Hep.</span> 
     </span>
     <span class='ocr_line' id='line_1_18' title="bbox 548 1337 1470 1387; baseline -0.007 -9"><span class='ocrx_word' id='word_1_188' title='bbox 548 1354 620 1378; x_wconf 90' lang='lat' dir='ltr'>eur.</span> <span class='ocrx_word' id='word_1_189' title='bbox 648 1341 718 1381; x_wconf 87' lang='grc' dir='ltr'>ΙΙΙ,</span> <span class='ocrx_word' id='word_1_190' title='bbox 748 1352 781 1387; x_wconf 85' lang='lat' dir='ltr'>p.</span> <span class='ocrx_word' id='word_1_191' title='bbox 811 1340 842 1374; x_wconf 77' lang='lat'>8.</span> <span class='ocrx_word' id='word_1_192' title='bbox 871 1360 920 1364; x_wconf 80' lang='lat'>—</span> <span class='ocrx_word' id='word_1_193' title='bbox 946 1337 1085 1373; x_wconf 84' lang='lat' dir='ltr'>Hartm.</span> <span class='ocrx_word' id='word_1_194' title='bbox 1113 1337 1168 1374; x_wconf 84' lang='lat' dir='ltr'>Fl.</span> <span class='ocrx_word' id='word_1_195' title='bbox 1198 1337 1251 1373; x_wconf 87' lang='lat' dir='ltr'>ed.</span> <span class='ocrx_word' id='word_1_196' title='bbox 1282 1339 1320 1382; x_wconf 89' lang='lat'>9,</span> <span class='ocrx_word' id='word_1_197' title='bbox 1345 1350 1378 1384; x_wconf 90' lang='lat' dir='ltr'>p.</span> <span class='ocrx_word' id='word_1_198' title='bbox 1413 1339 1470 1373; x_wconf 78' lang='lat'>96.</span> 
     </span>
    </p>
   </div>
   <div class='ocr_carea' id='block_1_10' title="bbox 380 1413 2012 1564">
    <p class='ocr_par' dir='ltr' id='par_1_10' title="bbox 380 1413 2012 1564">
     <span class='ocr_line' id='line_1_19' title="bbox 531 1413 2012 1458; baseline -0.003 -6"><span class='ocrx_word' id='word_1_199' title='bbox 531 1421 567 1452; x_wconf 89' lang='lat' dir='ltr'>In</span> <span class='ocrx_word' id='word_1_200' title='bbox 590 1417 748 1450; x_wconf 83' lang='lat' dir='ltr'>umbrosis</span> <span class='ocrx_word' id='word_1_201' title='bbox 773 1415 814 1447; x_wconf 83' lang='lat' dir='ltr'>ad</span> <span class='ocrx_word' id='word_1_202' title='bbox 839 1418 956 1446; x_wconf 80' lang='lat' dir='ltr'>terram</span> <span class='ocrx_word' id='word_1_203' title='bbox 979 1413 1144 1445; x_wconf 82' lang='lat' dir='ltr'>humidam</span> <span class='ocrx_word' id='word_1_204' title='bbox 1168 1417 1199 1445; x_wconf 86' lang='lat' dir='ltr'>et</span> <span class='ocrx_word' id='word_1_205' title='bbox 1222 1414 1311 1454; x_wconf 80' lang='lat' dir='ltr'>ligna</span> <span class='ocrx_word' id='word_1_206' title='bbox 1333 1413 1460 1455; x_wconf 80' lang='lat' dir='ltr'>putrida</span> <span class='ocrx_word' id='word_1_207' title='bbox 1483 1415 1626 1455; x_wconf 87' lang='lat' dir='ltr'>pluribus</span> <span class='ocrx_word' id='word_1_208' title='bbox 1651 1415 1744 1455; x_wconf 86' lang='lat' dir='ltr'>locis,</span> <span class='ocrx_word' id='word_1_209' title='bbox 1764 1426 1792 1447; x_wconf 89' lang='lat' dir='ltr'>v.</span> <span class='ocrx_word' id='word_1_210' title='bbox 1813 1425 1837 1447; x_wconf 87' lang='lat' dir='ltr'>e.</span> <span class='ocrx_word' id='word_1_211' title='bbox 1857 1415 2012 1458; x_wconf 88' lang='lat' dir='ltr'>Ottenby-</span> 
     </span>
     <span class='ocr_line' id='line_1_20' title="bbox 380 1465 2011 1510; baseline -0.006 -5"><span class='ocrx_word' id='word_1_212' title='bbox 380 1472 473 1510; x_wconf 85' lang='lat' dir='ltr'>lund,</span> <span class='ocrx_word' id='word_1_213' title='bbox 501 1472 584 1503; x_wconf 84' lang='lat' dir='ltr'>inter</span> <span class='ocrx_word' id='word_1_214' title='bbox 615 1469 710 1500; x_wconf 85' lang='lat' dir='ltr'>Stora</span> <span class='ocrx_word' id='word_1_215' title='bbox 739 1468 805 1498; x_wconf 73' lang='lat' dir='ltr'>Ror</span> <span class='ocrx_word' id='word_1_216' title='bbox 835 1469 866 1497; x_wconf 81' lang='lat' dir='ltr'>et</span> <span class='ocrx_word' id='word_1_217' title='bbox 894 1466 1003 1504; x_wconf 53' lang='lat' dir='ltr'><strong>Ralla,</strong></span> <span class='ocrx_word' id='word_1_218' title='bbox 1029 1465 1071 1495; x_wconf 85' lang='lat' dir='ltr'>ad</span> <span class='ocrx_word' id='word_1_219' title='bbox 1094 1466 1258 1505; x_wconf 81' lang='lat' dir='ltr'>margines</span> <span class='ocrx_word' id='word_1_220' title='bbox 1281 1466 1439 1496; x_wconf 85' lang='lat' dir='ltr'>fossarum</span> <span class='ocrx_word' id='word_1_221' title='bbox 1462 1475 1562 1506; x_wconf 88' lang='lat' dir='ltr'>prope</span> <span class='ocrx_word' id='word_1_222' title='bbox 1586 1466 1721 1506; x_wconf 79' lang='lat' dir='ltr'>paludes</span> <span class='ocrx_word' id='word_1_223' title='bbox 1742 1467 1824 1498; x_wconf 86' lang='lat' dir='ltr'>inter</span> <span class='ocrx_word' id='word_1_224' title='bbox 1848 1467 2011 1507; x_wconf 75' lang='lat' dir='ltr'>Trogstad</span> 
     </span>
     <span class='ocr_line' id='line_1_21' title="bbox 381 1516 1588 1564; baseline -0.007 -8"><span class='ocrx_word' id='word_1_225' title='bbox 381 1529 413 1556; x_wconf 82' lang='lat' dir='ltr'>et</span> <span class='ocrx_word' id='word_1_226' title='bbox 436 1523 589 1564; x_wconf 84' lang='lat' dir='ltr'>templum</span> <span class='ocrx_word' id='word_1_227' title='bbox 614 1520 761 1560; x_wconf 79' lang='lat' dir='ltr'>K&#39;oping,</span> <span class='ocrx_word' id='word_1_228' title='bbox 787 1518 879 1549; x_wconf 74' lang='lat' dir='ltr'>Boda</span> <span class='ocrx_word' id='word_1_229' title='bbox 902 1516 1089 1557; x_wconf 78' lang='lat' dir='ltr'>kronopark</span> <span class='ocrx_word' id='word_1_230' title='bbox 1113 1517 1219 1548; x_wconf 85' lang='lat' dir='ltr'>multis</span> <span class='ocrx_word' id='word_1_231' title='bbox 1244 1516 1335 1548; x_wconf 90' lang='lat' dir='ltr'>locis.</span> <span class='ocrx_word' id='word_1_232' title='bbox 1360 1535 1400 1539; x_wconf 87' lang='lat'>-—</span> <span class='ocrx_word' id='word_1_233' title='bbox 1425 1517 1462 1548; x_wconf 89' lang='lat' dir='ltr'>A.</span> <span class='ocrx_word' id='word_1_234' title='bbox 1488 1516 1528 1547; x_wconf 90' lang='lat' dir='ltr'>M.</span> <span class='ocrx_word' id='word_1_235' title='bbox 1552 1516 1588 1547; x_wconf 92' lang='lat' dir='ltr'>B.</span> 
     </span>
    </p>
   </div>
   <div class='ocr_carea' id='block_1_11' title="bbox 384 1592 2012 1769">
    <p class='ocr_par' dir='ltr' id='par_1_11' title="bbox 384 1592 2012 1769">
     <span class='ocr_line' id='line_1_22' title="bbox 384 1592 2011 1646; baseline -0.004 -9"><span class='ocrx_word' id='word_1_236' title='bbox 384 1604 441 1637; x_wconf 81' lang='lat'>24.</span> <span class='ocrx_word' id='word_1_237' title='bbox 496 1597 689 1646; x_wconf 70' lang='lat' dir='ltr'>Lepidozia</span> <span class='ocrx_word' id='word_1_238' title='bbox 721 1601 864 1643; x_wconf 72' lang='lat' dir='ltr'>reptans</span> <span class='ocrx_word' id='word_1_239' title='bbox 897 1594 969 1641; x_wconf 88' lang='lat' dir='ltr'>(L.)</span> <span class='ocrx_word' id='word_1_240' title='bbox 1006 1616 1057 1620; x_wconf 89' lang='lat'>—</span> <span class='ocrx_word' id='word_1_241' title='bbox 1090 1593 1174 1640; x_wconf 84' lang='lat' dir='ltr'>Syn.</span> <span class='ocrx_word' id='word_1_242' title='bbox 1209 1593 1302 1639; x_wconf 88' lang='lat' dir='ltr'>Hep.</span> <span class='ocrx_word' id='word_1_243' title='bbox 1329 1605 1362 1639; x_wconf 88' lang='lat' dir='ltr'>p.</span> <span class='ocrx_word' id='word_1_244' title='bbox 1390 1594 1473 1627; x_wconf 81' lang='lat'>205.</span> <span class='ocrx_word' id='word_1_245' title='bbox 1500 1614 1550 1617; x_wconf 88' lang='lat'>—</span> <span class='ocrx_word' id='word_1_246' title='bbox 1578 1592 1716 1628; x_wconf 83' lang='lat' dir='ltr'>Hartm.</span> <span class='ocrx_word' id='word_1_247' title='bbox 1741 1592 1796 1627; x_wconf 82' lang='lat' dir='ltr'>Fl.</span> <span class='ocrx_word' id='word_1_248' title='bbox 1825 1592 1878 1629; x_wconf 88' lang='lat' dir='ltr'>ed.</span> <span class='ocrx_word' id='word_1_249' title='bbox 1909 1594 1949 1638; x_wconf 83' lang='lat'>9,</span> <span class='ocrx_word' id='word_1_250' title='bbox 1978 1605 2011 1640; x_wconf 90' lang='lat' dir='ltr'>p.</span> 
     </span>
     <span class='ocr_line' id='line_1_23' title="bbox 549 1651 1790 1700; baseline -0.006 -8"><span class='ocrx_word' id='word_1_251' title='bbox 549 1659 605 1693; x_wconf 85' lang='lat'>97.</span> <span class='ocrx_word' id='word_1_252' title='bbox 634 1677 684 1681; x_wconf 75' lang='lat'>—</span> <span class='ocrx_word' id='word_1_253' title='bbox 711 1654 925 1700; x_wconf 78' lang='lat' dir='ltr'>Herpetium</span> <span class='ocrx_word' id='word_1_254' title='bbox 952 1656 1099 1700; x_wconf 81' lang='lat' dir='ltr'>reptans</span> <span class='ocrx_word' id='word_1_255' title='bbox 1127 1652 1170 1687; x_wconf 88' lang='lat' dir='ltr'>N.</span> <span class='ocrx_word' id='word_1_256' title='bbox 1199 1664 1229 1687; x_wconf 88' lang='lat' dir='ltr'>V.</span> <span class='ocrx_word' id='word_1_257' title='bbox 1258 1652 1320 1686; x_wconf 83' lang='lat' dir='ltr'>Es.</span> <span class='ocrx_word' id='word_1_258' title='bbox 1346 1651 1439 1697; x_wconf 90' lang='lat' dir='ltr'>Hep.</span> <span class='ocrx_word' id='word_1_259' title='bbox 1468 1662 1540 1686; x_wconf 80' lang='lat' dir='ltr'>eur.</span> <span class='ocrx_word' id='word_1_260' title='bbox 1569 1651 1639 1695; x_wconf 85' lang='lat' dir='ltr'>HI,</span> <span class='ocrx_word' id='word_1_261' title='bbox 1669 1663 1691 1698; x_wconf 89' lang='lat' dir='ltr'>p</span> <span class='ocrx_word' id='word_1_262' title='bbox 1733 1653 1790 1686; x_wconf 86' lang='lat'>31.</span> 
     </span>
     <span class='ocr_line' id='line_1_24' title="bbox 534 1727 2012 1769; baseline -0.002 -6"><span class='ocrx_word' id='word_1_263' title='bbox 534 1732 585 1765; x_wconf 82' lang='lat' dir='ltr'>Ad</span> <span class='ocrx_word' id='word_1_264' title='bbox 617 1735 736 1762; x_wconf 82' lang='lat' dir='ltr'>terram</span> <span class='ocrx_word' id='word_1_265' title='bbox 771 1729 935 1760; x_wconf 87' lang='lat' dir='ltr'>humidam</span> <span class='ocrx_word' id='word_1_266' title='bbox 966 1732 998 1760; x_wconf 82' lang='lat' dir='ltr'>et</span> <span class='ocrx_word' id='word_1_267' title='bbox 1026 1728 1116 1768; x_wconf 81' lang='lat' dir='ltr'>ligna</span> <span class='ocrx_word' id='word_1_268' title='bbox 1143 1727 1271 1769; x_wconf 84' lang='lat' dir='ltr'>putrida</span> <span class='ocrx_word' id='word_1_269' title='bbox 1299 1728 1441 1769; x_wconf 85' lang='lat' dir='ltr'>pluribus</span> <span class='ocrx_word' id='word_1_270' title='bbox 1472 1728 1566 1766; x_wconf 82' lang='lat' dir='ltr'>locis,</span> <span class='ocrx_word' id='word_1_271' title='bbox 1597 1738 1626 1758; x_wconf 85' lang='lat' dir='ltr'>v.</span> <span class='ocrx_word' id='word_1_272' title='bbox 1648 1738 1674 1758; x_wconf 82' lang='lat' dir='ltr'>e.</span> <span class='ocrx_word' id='word_1_273' title='bbox 1706 1728 1737 1759; x_wconf 91' lang='lat' dir='ltr'>in</span> <span class='ocrx_word' id='word_1_274' title='bbox 1763 1728 1845 1759; x_wconf 86' lang='lat' dir='ltr'>silva</span> <span class='ocrx_word' id='word_1_275' title='bbox 1869 1729 2012 1760; x_wconf 79' lang='lat' dir='ltr'>abietina</span> 
     </span>
    </p>
   </div>
   <div class='ocr_carea' id='block_1_12' title="bbox 382 1778 2012 1879">
    <p class='ocr_par' dir='ltr' id='par_1_12' title="bbox 382 1778 2012 1879">
     <span class='ocr_line' id='line_1_25' title="bbox 382 1778 2012 1821; baseline -0.004 -4"><span class='ocrx_word' id='word_1_276' title='bbox 382 1787 464 1818; x_wconf 83' lang='lat' dir='ltr'>inter</span> <span class='ocrx_word' id='word_1_277' title='bbox 494 1784 620 1816; x_wconf 69' lang='lat' dir='ltr'>Saxn‘as</span> <span class='ocrx_word' id='word_1_278' title='bbox 649 1785 680 1813; x_wconf 88' lang='lat' dir='ltr'>et</span> <span class='ocrx_word' id='word_1_279' title='bbox 710 1781 848 1812; x_wconf 69' lang='lat' dir='ltr'>R&#39;oh&#39;alla</span> <span class='ocrx_word' id='word_1_280' title='bbox 880 1780 1022 1821; x_wconf 82' lang='lat' dir='ltr'>copiose,</span> <span class='ocrx_word' id='word_1_281' title='bbox 1052 1780 1084 1810; x_wconf 87' lang='lat' dir='ltr'>in</span> <span class='ocrx_word' id='word_1_282' title='bbox 1110 1779 1258 1810; x_wconf 84' lang='lat' dir='ltr'>betuletis</span> <span class='ocrx_word' id='word_1_283' title='bbox 1281 1778 1365 1810; x_wconf 86' lang='lat' dir='ltr'>inter</span> <span class='ocrx_word' id='word_1_284' title='bbox 1391 1778 1486 1810; x_wconf 82' lang='lat' dir='ltr'>Stora</span> <span class='ocrx_word' id='word_1_285' title='bbox 1510 1779 1575 1810; x_wconf 72' lang='lat' dir='ltr'>Ror</span> <span class='ocrx_word' id='word_1_286' title='bbox 1598 1781 1630 1810; x_wconf 81' lang='lat' dir='ltr'>et</span> <span class='ocrx_word' id='word_1_287' title='bbox 1650 1779 1758 1820; x_wconf 62' lang='lat' dir='ltr'><strong>Ralla,</strong></span> <span class='ocrx_word' id='word_1_288' title='bbox 1783 1779 1874 1810; x_wconf 69' lang='lat' dir='ltr'>Beda</span> <span class='ocrx_word' id='word_1_289' title='bbox 1897 1780 2012 1812; x_wconf 89' lang='lat' dir='ltr'>krono-</span> 
     </span>
     <span class='ocr_line' id='line_1_26' title="bbox 383 1830 1038 1879; baseline -0.014 -10"><span class='ocrx_word' id='word_1_290' title='bbox 383 1837 463 1879; x_wconf 81' lang='lat' dir='ltr'>park</span> <span class='ocrx_word' id='word_1_291' title='bbox 485 1835 668 1875; x_wconf 80' lang='lat' dir='ltr'>frequenter</span> <span class='ocrx_word' id='word_1_292' title='bbox 692 1851 732 1855; x_wconf 91' lang='lat'>—-</span> <span class='ocrx_word' id='word_1_293' title='bbox 757 1842 784 1863; x_wconf 84' lang='lat' dir='ltr'>c.</span> <span class='ocrx_word' id='word_1_294' title='bbox 808 1832 844 1862; x_wconf 89' lang='lat' dir='ltr'>fr.</span> <span class='ocrx_word' id='word_1_295' title='bbox 869 1849 912 1853; x_wconf 79' lang='lat'>—</span> <span class='ocrx_word' id='word_1_296' title='bbox 937 1831 978 1861; x_wconf 92' lang='lat' dir='ltr'>M.</span> <span class='ocrx_word' id='word_1_297' title='bbox 1002 1830 1038 1861; x_wconf 90' lang='lat' dir='ltr'>B.</span> 
     </span>
    </p>
   </div>
   <div class='ocr_carea' id='block_1_13' title="bbox 383 1904 2011 2014">
    <p class='ocr_par' dir='ltr' id='par_1_13' title="bbox 383 1904 2011 2014">
     <span class='ocr_line' id='line_1_27' title="bbox 383 1904 2011 1956; baseline -0.006 -7"><span class='ocrx_word' id='word_1_298' title='bbox 383 1915 441 1949; x_wconf 77' lang='lat'>25.</span> <span class='ocrx_word' id='word_1_299' title='bbox 495 1910 777 1956; x_wconf 56' lang='lat' dir='ltr'>Illastz&#39;gyobryzmz</span> <span class='ocrx_word' id='word_1_300' title='bbox 803 1907 1000 1942; x_wconf 69' lang='lat' dir='ltr'>trilobatmn</span> <span class='ocrx_word' id='word_1_301' title='bbox 1031 1906 1102 1952; x_wconf 89' lang='lat' dir='ltr'>(L.)</span> <span class='ocrx_word' id='word_1_302' title='bbox 1130 1928 1181 1931; x_wconf 91' lang='lat'>—</span> <span class='ocrx_word' id='word_1_303' title='bbox 1208 1905 1293 1952; x_wconf 84' lang='lat' dir='ltr'>Syn.</span> <span class='ocrx_word' id='word_1_304' title='bbox 1322 1906 1414 1952; x_wconf 79' lang='lat' dir='ltr'>Hep.</span> <span class='ocrx_word' id='word_1_305' title='bbox 1450 1918 1483 1952; x_wconf 86' lang='lat' dir='ltr'>p.</span> <span class='ocrx_word' id='word_1_306' title='bbox 1518 1906 1601 1940; x_wconf 80' lang='lat'>230.</span> <span class='ocrx_word' id='word_1_307' title='bbox 1633 1927 1678 1931; x_wconf 88' lang='lat'>—</span> <span class='ocrx_word' id='word_1_308' title='bbox 1706 1904 1845 1940; x_wconf 85' lang='lat' dir='ltr'>Hartm.</span> <span class='ocrx_word' id='word_1_309' title='bbox 1872 1904 1927 1940; x_wconf 83' lang='lat' dir='ltr'>Fl.</span> <span class='ocrx_word' id='word_1_310' title='bbox 1956 1904 2011 1940; x_wconf 85' lang='lat' dir='ltr'>ed.</span> 
     </span>
     <span class='ocr_line' id='line_1_28' title="bbox 551 1963 1977 2014; baseline -0.004 -10"><span class='ocrx_word' id='word_1_311' title='bbox 551 1971 587 2013; x_wconf 88' lang='lat'>9,</span> <span class='ocrx_word' id='word_1_312' title='bbox 616 1979 649 2014; x_wconf 91' lang='lat' dir='ltr'>p.</span> <span class='ocrx_word' id='word_1_313' title='bbox 682 1968 739 2002; x_wconf 97' lang='lat'>97.</span> <span class='ocrx_word' id='word_1_314' title='bbox 766 1988 816 1992; x_wconf 89' lang='lat'>—-</span> <span class='ocrx_word' id='word_1_315' title='bbox 843 1965 1055 2011; x_wconf 85' lang='lat' dir='ltr'>Herpetium</span> <span class='ocrx_word' id='word_1_316' title='bbox 1082 1964 1286 2000; x_wconf 81' lang='lat' dir='ltr'>triloba‘cum</span> <span class='ocrx_word' id='word_1_317' title='bbox 1312 1964 1356 2000; x_wconf 90' lang='lat' dir='ltr'>N.</span> <span class='ocrx_word' id='word_1_318' title='bbox 1385 1976 1418 2002; x_wconf 81' lang='lat' dir='ltr'>v.</span> <span class='ocrx_word' id='word_1_319' title='bbox 1446 1964 1509 1999; x_wconf 81' lang='lat' dir='ltr'>Es.</span> <span class='ocrx_word' id='word_1_320' title='bbox 1536 1963 1629 2010; x_wconf 90' lang='lat' dir='ltr'>Hep.</span> <span class='ocrx_word' id='word_1_321' title='bbox 1659 1974 1731 1999; x_wconf 85' lang='lat' dir='ltr'>eur.</span> <span class='ocrx_word' id='word_1_322' title='bbox 1759 1963 1827 2007; x_wconf 87' lang='lat' dir='ltr'><strong>III,</strong></span> <span class='ocrx_word' id='word_1_323' title='bbox 1857 1975 1890 2009; x_wconf 90' lang='lat' dir='ltr'>p.</span> <span class='ocrx_word' id='word_1_324' title='bbox 1918 1965 1977 1998; x_wconf 83' lang='lat'>49.</span> 
     </span>
    </p>
   </div>
   <div class='ocr_carea' id='block_1_14' title="bbox 381 2038 2012 2134">
    <p class='ocr_par' dir='ltr' id='par_1_14' title="bbox 381 2038 2012 2134">
     <span class='ocr_line' id='line_1_29' title="bbox 533 2038 2012 2081; baseline -0.004 -6"><span class='ocrx_word' id='word_1_325' title='bbox 533 2045 569 2076; x_wconf 88' lang='lat' dir='ltr'>In</span> <span class='ocrx_word' id='word_1_326' title='bbox 595 2043 754 2074; x_wconf 83' lang='lat' dir='ltr'>umbrosis</span> <span class='ocrx_word' id='word_1_327' title='bbox 779 2042 930 2072; x_wconf 84' lang='lat' dir='ltr'>silvarum</span> <span class='ocrx_word' id='word_1_328' title='bbox 956 2040 997 2071; x_wconf 84' lang='lat' dir='ltr'>ad</span> <span class='ocrx_word' id='word_1_329' title='bbox 1020 2039 1146 2081; x_wconf 84' lang='lat' dir='ltr'>lapides</span> <span class='ocrx_word' id='word_1_330' title='bbox 1171 2043 1202 2071; x_wconf 81' lang='lat' dir='ltr'>et</span> <span class='ocrx_word' id='word_1_331' title='bbox 1225 2044 1341 2071; x_wconf 81' lang='lat' dir='ltr'>terram</span> <span class='ocrx_word' id='word_1_332' title='bbox 1366 2043 1417 2070; x_wconf 82' lang='lat' dir='ltr'>sat</span> <span class='ocrx_word' id='word_1_333' title='bbox 1440 2049 1526 2080; x_wconf 85' lang='lat' dir='ltr'>raro,</span> <span class='ocrx_word' id='word_1_334' title='bbox 1551 2049 1580 2070; x_wconf 92' lang='lat' dir='ltr'>v.</span> <span class='ocrx_word' id='word_1_335' title='bbox 1605 2049 1631 2070; x_wconf 91' lang='lat' dir='ltr'>c.</span> <span class='ocrx_word' id='word_1_336' title='bbox 1655 2048 1753 2080; x_wconf 89' lang='lat' dir='ltr'>prope</span> <span class='ocrx_word' id='word_1_337' title='bbox 1776 2038 1864 2070; x_wconf 88' lang='lat' dir='ltr'>Horn</span> <span class='ocrx_word' id='word_1_338' title='bbox 1881 2042 2012 2080; x_wconf 84' lang='lat' dir='ltr'>septen-</span> 
     </span>
     <span class='ocr_line' id='line_1_30' title="bbox 381 2090 2011 2134; baseline -0.006 -5"><span class='ocrx_word' id='word_1_339' title='bbox 381 2099 517 2130; x_wconf 79' lang='lat' dir='ltr'>trionem</span> <span class='ocrx_word' id='word_1_340' title='bbox 535 2104 648 2127; x_wconf 84' lang='lat' dir='ltr'>versus</span> <span class='ocrx_word' id='word_1_341' title='bbox 666 2103 778 2134; x_wconf 85' lang='lat' dir='ltr'>parce,</span> <span class='ocrx_word' id='word_1_342' title='bbox 796 2092 888 2123; x_wconf 74' lang='lat' dir='ltr'>Roda</span> <span class='ocrx_word' id='word_1_343' title='bbox 906 2091 1090 2132; x_wconf 83' lang='lat' dir='ltr'>kronopark</span> <span class='ocrx_word' id='word_1_344' title='bbox 1107 2091 1139 2122; x_wconf 87' lang='lat' dir='ltr'>in</span> <span class='ocrx_word' id='word_1_345' title='bbox 1155 2091 1406 2131; x_wconf 75' lang='lat' dir='ltr'>Bogateskogen</span> <span class='ocrx_word' id='word_1_346' title='bbox 1424 2090 1556 2131; x_wconf 83' lang='lat' dir='ltr'>copiose</span> <span class='ocrx_word' id='word_1_347' title='bbox 1572 2090 1604 2121; x_wconf 88' lang='lat' dir='ltr'>in</span> <span class='ocrx_word' id='word_1_348' title='bbox 1621 2099 1698 2121; x_wconf 80' lang='lat' dir='ltr'>area</span> <span class='ocrx_word' id='word_1_349' title='bbox 1714 2093 1765 2121; x_wconf 83' lang='lat' dir='ltr'>sat</span> <span class='ocrx_word' id='word_1_350' title='bbox 1781 2099 1909 2129; x_wconf 84' lang='lat' dir='ltr'>magna.</span> <span class='ocrx_word' id='word_1_351' title='bbox 1921 2108 1962 2112; x_wconf 90' lang='lat'><strong>—</strong></span> <span class='ocrx_word' id='word_1_352' title='bbox 1974 2090 2011 2121; x_wconf 88' lang='lat' dir='ltr'>B.</span> 
     </span>
    </p>
   </div>
   <div class='ocr_carea' id='block_1_15' title="bbox 379 2173 2007 2282">
    <p class='ocr_par' dir='ltr' id='par_1_15' title="bbox 379 2173 2007 2282">
     <span class='ocr_line' id='line_1_31' title="bbox 379 2173 2007 2222; baseline -0.004 -5"><span class='ocrx_word' id='word_1_353' title='bbox 379 2184 437 2218; x_wconf 73' lang='lat'>26.</span> <span class='ocrx_word' id='word_1_354' title='bbox 496 2178 715 2215; x_wconf 67' lang='lat' dir='ltr'>Triclzocolea</span> <span class='ocrx_word' id='word_1_355' title='bbox 746 2177 960 2212; x_wconf 73' lang='lat' dir='ltr'>Tomentella</span> <span class='ocrx_word' id='word_1_356' title='bbox 995 2175 1133 2222; x_wconf 87' lang='lat' dir='ltr'>(Ehrh.)</span> <span class='ocrx_word' id='word_1_357' title='bbox 1162 2198 1213 2202; x_wconf 91' lang='lat'>—</span> <span class='ocrx_word' id='word_1_358' title='bbox 1239 2174 1323 2222; x_wconf 81' lang='lat' dir='ltr'>Syn.</span> <span class='ocrx_word' id='word_1_359' title='bbox 1353 2174 1446 2221; x_wconf 90' lang='lat' dir='ltr'>Hep.</span> <span class='ocrx_word' id='word_1_360' title='bbox 1475 2186 1508 2221; x_wconf 90' lang='lat' dir='ltr'>p.</span> <span class='ocrx_word' id='word_1_361' title='bbox 1537 2176 1620 2211; x_wconf 85' lang='lat'>237.</span> <span class='ocrx_word' id='word_1_362' title='bbox 1639 2196 1690 2200; x_wconf 97' lang='lat'><strong>—</strong></span> <span class='ocrx_word' id='word_1_363' title='bbox 1714 2174 1759 2210; x_wconf 90' lang='lat' dir='ltr'>N.</span> <span class='ocrx_word' id='word_1_364' title='bbox 1778 2185 1811 2209; x_wconf 87' lang='lat' dir='ltr'>v.</span> <span class='ocrx_word' id='word_1_365' title='bbox 1830 2173 1894 2209; x_wconf 89' lang='lat' dir='ltr'>Es.</span> <span class='ocrx_word' id='word_1_366' title='bbox 1913 2174 2007 2221; x_wconf 86' lang='lat' dir='ltr'>Hep.</span> 
     </span>
     <span class='ocr_line' id='line_1_32' title="bbox 549 2233 1523 2282; baseline -0.005 -9"><span class='ocrx_word' id='word_1_367' title='bbox 549 2249 621 2273; x_wconf 83' lang='lat' dir='ltr'>eur.</span> <span class='ocrx_word' id='word_1_368' title='bbox 648 2236 718 2281; x_wconf 88' lang='lat' dir='ltr'><strong>III,</strong></span> <span class='ocrx_word' id='word_1_369' title='bbox 748 2248 781 2282; x_wconf 87' lang='lat' dir='ltr'>p.</span> <span class='ocrx_word' id='word_1_370' title='bbox 813 2237 894 2270; x_wconf 83' lang='lat'>105.</span> <span class='ocrx_word' id='word_1_371' title='bbox 922 2256 973 2261; x_wconf 87' lang='lat'>—</span> <span class='ocrx_word' id='word_1_372' title='bbox 1001 2234 1139 2269; x_wconf 80' lang='lat' dir='ltr'>Hartm.</span> <span class='ocrx_word' id='word_1_373' title='bbox 1168 2234 1223 2268; x_wconf 87' lang='lat' dir='ltr'>Fl.</span> <span class='ocrx_word' id='word_1_374' title='bbox 1254 2233 1308 2268; x_wconf 93' lang='lat' dir='ltr'>ed.</span> <span class='ocrx_word' id='word_1_375' title='bbox 1339 2235 1374 2278; x_wconf 90' lang='lat'>9,</span> <span class='ocrx_word' id='word_1_376' title='bbox 1403 2245 1436 2280; x_wconf 88' lang='lat' dir='ltr'>p.</span> <span class='ocrx_word' id='word_1_377' title='bbox 1466 2235 1523 2268; x_wconf 91' lang='lat'>97.</span> 
     </span>
    </p>
   </div>
   <div class='ocr_carea' id='block_1_16' title="bbox 382 2308 2010 2407">
    <p class='ocr_par' dir='ltr' id='par_1_16' title="bbox 382 2308 2010 2407">
     <span class='ocr_line' id='line_1_33' title="bbox 529 2308 2010 2352; baseline -0.003 -8"><span class='ocrx_word' id='word_1_378' title='bbox 529 2314 567 2344; x_wconf 92' lang='lat' dir='ltr'>In</span> <span class='ocrx_word' id='word_1_379' title='bbox 590 2316 677 2343; x_wconf 83' lang='lat' dir='ltr'>terra</span> <span class='ocrx_word' id='word_1_380' title='bbox 699 2312 860 2352; x_wconf 80' lang='lat' dir='ltr'>uliginosa.</span> <span class='ocrx_word' id='word_1_381' title='bbox 883 2320 955 2342; x_wconf 79' lang='lat' dir='ltr'>raro</span> <span class='ocrx_word' id='word_1_382' title='bbox 980 2313 1011 2341; x_wconf 83' lang='lat' dir='ltr'>et</span> <span class='ocrx_word' id='word_1_383' title='bbox 1035 2308 1255 2340; x_wconf 82' lang='lat' dir='ltr'>tantummodo</span> <span class='ocrx_word' id='word_1_384' title='bbox 1279 2312 1439 2350; x_wconf 84' lang='lat' dir='ltr'>repertum</span> <span class='ocrx_word' id='word_1_385' title='bbox 1463 2318 1562 2349; x_wconf 88' lang='lat' dir='ltr'>prope</span> <span class='ocrx_word' id='word_1_386' title='bbox 1588 2308 1754 2339; x_wconf 59' lang='lat' dir='ltr'>Ralla-tall</span> <span class='ocrx_word' id='word_1_387' title='bbox 1774 2308 1867 2349; x_wconf 79' lang='lat' dir='ltr'>juxta</span> <span class='ocrx_word' id='word_1_388' title='bbox 1890 2308 2010 2340; x_wconf 85' lang='lat' dir='ltr'>fontem</span> 
     </span>
     <span class='ocr_line' id='line_1_34' title="bbox 382 2359 2010 2407; baseline -0.005 -10"><span class='ocrx_word' id='word_1_389' title='bbox 382 2365 542 2407; x_wconf 80' lang='lat' dir='ltr'>quendam</span> <span class='ocrx_word' id='word_1_390' title='bbox 578 2364 686 2394; x_wconf 81' lang='lat' dir='ltr'>statim</span> <span class='ocrx_word' id='word_1_391' title='bbox 720 2363 803 2394; x_wconf 85' lang='lat' dir='ltr'>infra</span> <span class='ocrx_word' id='word_1_392' title='bbox 833 2363 945 2404; x_wconf 77' lang='lat' dir='ltr'>Jugum</span> <span class='ocrx_word' id='word_1_393' title='bbox 979 2370 1151 2392; x_wconf 82' lang='lat' dir='ltr'>arenosum</span> <span class='ocrx_word' id='word_1_394' title='bbox 1180 2360 1263 2401; x_wconf 85' lang='lat' dir='ltr'>pinis</span> <span class='ocrx_word' id='word_1_395' title='bbox 1294 2359 1443 2391; x_wconf 82' lang='lat' dir='ltr'>vestitum</span> <span class='ocrx_word' id='word_1_396' title='bbox 1471 2368 1535 2390; x_wconf 85' lang='lat' dir='ltr'>una</span> <span class='ocrx_word' id='word_1_397' title='bbox 1565 2369 1636 2390; x_wconf 88' lang='lat' dir='ltr'>cum</span> <span class='ocrx_word' id='word_1_398' title='bbox 1670 2361 1790 2399; x_wconf 70' lang='lat' dir='ltr'>Hyp-no</span> <span class='ocrx_word' id='word_1_399' title='bbox 1819 2363 2010 2402; x_wconf 31' lang='lat' dir='ltr'>commutat-o</span> 
     </span>
    </p>
   </div>
   <div class='ocr_carea' id='block_1_17' title="bbox 383 2414 655 2457">
    <p class='ocr_par' dir='ltr' id='par_1_17' title="bbox 383 2414 655 2457">
     <span class='ocr_line' id='line_1_35' title="bbox 383 2414 655 2457; baseline -0.015 -9"><span class='ocrx_word' id='word_1_400' title='bbox 383 2417 524 2457; x_wconf 88' lang='lat' dir='ltr'>copiose.</span> <span class='ocrx_word' id='word_1_401' title='bbox 549 2433 589 2437; x_wconf 88' lang='lat'>-—</span> <span class='ocrx_word' id='word_1_402' title='bbox 614 2414 655 2445; x_wconf 87' lang='lat' dir='ltr'>M.</span> 
     </span>
    </p>
   </div>
   <div class='ocr_carea' id='block_1_18' title="bbox 382 2484 2005 2596">
    <p class='ocr_par' dir='ltr' id='par_1_18' title="bbox 382 2484 2005 2596">
     <span class='ocr_line' id='line_1_36' title="bbox 382 2484 2005 2537; baseline -0.006 -8"><span class='ocrx_word' id='word_1_403' title='bbox 382 2494 439 2529; x_wconf 83' lang='lat'>27.</span> <span class='ocrx_word' id='word_1_404' title='bbox 493 2491 685 2526; x_wconf 64' lang='lat' dir='ltr'>sz&#39;dimn</span> <span class='ocrx_word' id='word_1_405' title='bbox 716 2489 835 2524; x_wconf 77' lang='lat' dir='ltr'>ciliare</span> <span class='ocrx_word' id='word_1_406' title='bbox 863 2488 933 2537; x_wconf 90' lang='lat' dir='ltr'>(L.)</span> <span class='ocrx_word' id='word_1_407' title='bbox 963 2510 1013 2514; x_wconf 73' lang='lat'>-—</span> <span class='ocrx_word' id='word_1_408' title='bbox 1040 2488 1125 2535; x_wconf 82' lang='lat' dir='ltr'>Syn.</span> <span class='ocrx_word' id='word_1_409' title='bbox 1153 2486 1247 2532; x_wconf 89' lang='lat' dir='ltr'>Hep.</span> <span class='ocrx_word' id='word_1_410' title='bbox 1276 2498 1309 2532; x_wconf 92' lang='lat' dir='ltr'>p.</span> <span class='ocrx_word' id='word_1_411' title='bbox 1339 2486 1422 2520; x_wconf 81' lang='lat'>250.</span> <span class='ocrx_word' id='word_1_412' title='bbox 1449 2506 1499 2512; x_wconf 89' lang='lat'>—</span> <span class='ocrx_word' id='word_1_413' title='bbox 1525 2485 1569 2521; x_wconf 91' lang='lat' dir='ltr'>N.</span> <span class='ocrx_word' id='word_1_414' title='bbox 1596 2497 1628 2520; x_wconf 91' lang='lat' dir='ltr'>v.</span> <span class='ocrx_word' id='word_1_415' title='bbox 1648 2485 1710 2520; x_wconf 85' lang='lat' dir='ltr'>Es.</span> <span class='ocrx_word' id='word_1_416' title='bbox 1731 2484 1824 2531; x_wconf 90' lang='lat' dir='ltr'>Hep.</span> <span class='ocrx_word' id='word_1_417' title='bbox 1845 2496 1916 2520; x_wconf 84' lang='lat' dir='ltr'>eur.</span> <span class='ocrx_word' id='word_1_418' title='bbox 1935 2484 2005 2531; x_wconf 82' lang='lat' dir='ltr'>m,</span> 
     </span>
     <span class='ocr_line' id='line_1_37' title="bbox 547 2545 1324 2596; baseline -0.008 -12"><span class='ocrx_word' id='word_1_419' title='bbox 547 2561 580 2596; x_wconf 89' lang='lat' dir='ltr'>p.</span> <span class='ocrx_word' id='word_1_420' title='bbox 613 2551 694 2584; x_wconf 90' lang='lat'>117.</span> <span class='ocrx_word' id='word_1_421' title='bbox 722 2570 773 2575; x_wconf 91' lang='lat'>——</span> <span class='ocrx_word' id='word_1_422' title='bbox 799 2546 938 2582; x_wconf 85' lang='lat' dir='ltr'>Hartm.</span> <span class='ocrx_word' id='word_1_423' title='bbox 967 2546 1021 2583; x_wconf 86' lang='lat' dir='ltr'>Fl.</span> <span class='ocrx_word' id='word_1_424' title='bbox 1051 2546 1104 2582; x_wconf 87' lang='lat' dir='ltr'>ed.</span> <span class='ocrx_word' id='word_1_425' title='bbox 1136 2548 1173 2591; x_wconf 86' lang='grc'>9,</span> <span class='ocrx_word' id='word_1_426' title='bbox 1203 2556 1235 2591; x_wconf 89' lang='lat' dir='ltr'>p.</span> <span class='ocrx_word' id='word_1_427' title='bbox 1266 2545 1324 2579; x_wconf 82' lang='lat'>98.</span> 
     </span>
    </p>
   </div>
  </div>
 </body>
</html>
