2134 3034
449 218 494 252 12
1004 210 1038 247 J.
1066 211 1109 246 E.
1138 211 1418 256 ZETTERSTEDT‚

551 316 588 346 In
614 318 701 345 terra
725 314 879 345 silvarum
902 311 1044 353 pluribus
1068 310 1146 342 10015
1171 314 1202 341 et
1225 310 1353 351 copiose
1377 310 1589 349 fructificans,
1620 321 1650 342 v.
1674 320 1700 342 c.
1724 311 1756 342 in
1781 311 1863 343 silva
1885 312 2026 343 abietina

396 368 479 398 inter
509 366 636 397 Saxni'ts
667 368 698 396 et
726 364 878 402 R'ohella,
910 363 943 393 in
971 362 1061 393 silvis
1085 361 1235 392 betulinis
1259 361 1341 392 inter
1366 361 1459 392 Stoi-a
1484 361 1549 391 R'or
1573 364 1604 391 et
1627 362 1734 403 R'zilla,
1760 365 1791 393 et
1815 363 1921 393 multis
1944 362 2027 393 10015

397 419 430 449 in
459 416 551 448 Boda
580 414 780 455 kronopalk,
814 413 865 444 ubi
895 412 1055 453 praecipue
1083 412 1233 452 frequens
1258 416 1289 442 et
1312 411 1476 452 pulchrum
1501 412 1591 451 viget
1614 412 1645 442 in
1670 412 1752 443 silva
1776 413 1916 444 abietina
1940 412 2026 443 diota

395 467 647 508 Bogateskogen
671 483 714 487 -
738 474 764 495 0.
788 464 826 495 fr.
849 481 892 486 —
915 463 956 494 M.
982 463 1018 493 B.

398 538 456 572 20.
510 535 719 570 Dicramcm
739 533 898 579 palustre
924 530 1022 566 Brid.
1043 552 1091 557 --
1111 529 1267 577 Sellimp.
1297 530 1381 577 Syn.
1410 541 1443 576 p.
1475 531 1532 565 91.
1551 552 1602 556 --
1619 531 1678 566 Br.
1707 542 1779 567 eur.
1807 532 1879 567 tab.
1903 534 1958 568 79.
1978 554 2028 558 —

566 593 704 628 Hartm.
732 591 788 626 Fl.
821 590 875 625 ed.
906 591 944 635 9,
973 601 1006 636 p.
1036 591 1093 624 66.

547 660 585 691 111
615 658 786 700 paludibus
816 661 848 688 et
875 655 1042 696 uliginosis
1068 655 1219 686 silvarum
1242 655 1348 686 multis
1372 655 1467 691 loeis,
1492 666 1521 686 v.
1547 665 1573 686 0.
1598 654 1833 697 Ottenbylund,
1859 657 2022 697 Farjesta-

397 711 476 752 den,
508 711 626 750 Tveta,
659 709 840 748 Mollstorp,
869 706 1022 746 Rohalla,
1053 706 1361 746 Ismamt01·psborg‚
1393 705 1487 736 Stora
1515 706 1594 746 Bor,
1627 706 1814 746 Borgholm,
1847 707 1965 748 Hogby
1989 726 2027 729 -—-

398 773 426 794 0.
449 763 484 793 fr.
508 780 551 784 -—
576 761 614 792 A.
638 760 679 790 M.
702 759 738 790 B.

399 833 457 867 21.
512 830 721 865 Diorcrmem
749 826 942 862 Sclzraderi
968 825 1164 870 Sohwaegr.
1183 847 1228 850 —
1253 823 1408 872 Sohimp.
1438 825 1523 872 Syn.
1551 837 1584 872 p.
1614 827 1670 862 92.
1695 847 1746 852 —-
1769 825 1829 861 Br.
1859 837 1929 862 eur.
1956 827 2028 865 tab,

566 889 624 922 80.
653 909 702 913 u
729 886 867 921 Hartm.
895 884 950 920 Fl.
978 883 1032 918 ed.
1060 885 1100 928 9,
1128 895 1162 929 p.
1193 884 1250 917 66.

551 955 588 986 In
618 953 787 993 uliginosis
816 951 966 983 torfaoeis
1001 949 1168 981 Oelandiae
1198 949 1312 980 mediae
1349 949 1491 989 pluribus
1521 949 1614 990 10015,
1646 960 1675 981 ν.
1706 960 1733 981 c.
1764 951 1845 981 inter
1877 952 2031 993 templum

400 1005 607 1038 Thorslunda
631 1008 662 1035 et
686 1002 913 1044 Farjestaden,
939 1001 970 1032 in
996 1001 1078 1032 silva
1102 1000 1244 1031 abietina
1267 999 1380 1040 praedii
1404 999 1547 1041 Samis,
1572 1001 1605 1031 in
1629 1001 1801 1041 paludibus
1828 1012 1929 1043 prope
1952 1006 2031 1034 tem-

399 1058 488 1099 plum
514 1056 716 1094 Gl‘omminge
740 1053 905 1084 meridiem
930 1061 1043 1083 versus
1067 1070 1109 1074 —
1135 1061 1161 1082 0.
1186 1051 1221 1082 fr.
1246 1069 1286 1072 —
1310 1050 1351 1081 M.

401 1128 459 1161 22.
513 1125 722 1160 Dicrammz
751 1121 911 1168 spurium
938 1120 983 1155 H.
1011 1143 1061 1147 —
1089 1119 1245 1165 Schilnp.
1277 1118 1361 1166 Syn.
1394 1131 1427 1165 p.
1455 1120 1512 1154 93.
1541 1141 1590 1146 --
1615 1120 1674 1157 ΒΓ.
1704 1132 1775 1156 eur.
1804 1121 1875 1156 tab.
1905 1123 1962 1157 81.
1982 1143 2032 1149 —

568 1182 707 1217 Hartm.
736 1180 790 1216 Fl.
820 1179 874 1214 ed.
905 1181 943 1223 9,
973 1191 1007 1225 p.
1038 1180 1095 1213 67.

552 1253 589 1284 In
621 1252 711 1283 silvis
736 1250 831 1281 siccis
856 1249 1076 1281 Coniferarum
1100 1251 1132 1279 et
1157 1245 1375 1278 tantummodo
1398 1249 1559 1287 repertum
1581 1248 1613 1278 111
1636 1247 1728 1279 Boda
1751 1249 1952 1290 kronopark,
1981 1249 2034 1281 ubi

401 1308 509 1336 tamen
533 1303 676 1345 pluribus
700 1301 780 1332 loois
804 1300 941 1331 occurrit
963 1318 1005 1322 —
1028 1308 1054 1330 0.
1080 1299 1116 1329 fr.
1143 1316 1186 1320 ——
1208 1298 1245 1328 B.

403 1375 461 1409 23.
516 1373 724 1408 Dz'ercmmn
760 1369 974 1405 wzclulaavmn
1006 1366 1115 1402 Ehrh.
1148 1387 1199 1392 -—
1227 1364 1382 1412 Sohimp.
1418 1365 1503 1413 Syn.
1536 1379 1570 1413 p.
1606 1368 1662 1402 94.
1691 1389 1741 1394 -—
1767 1368 1826 1403 ΒΓ.
1862 1380 1933 1404 eur,
1961 1370 2032 1405 tab⁸

573 1432 637 1475 82,
668 1430 726 1464 83.
753 1450 803 1454 —
830 1427 969 1462 Hartm.
998 1426 1052 1461 Fl.
1081 1424 1136 1460 ed.
1167 1426 1206 1470 9,
1236 1436 1268 1470 p.
1300 1425 1356 1459 66.

553 1503 591 1533 In
619 1504 706 1532 terra
733 1499 894 1539 uliginosa
926 1498 1078 1529 silvarum
1106 1496 1213 1527 multis
1244 1496 1338 1535 10015,
1371 1495 1500 1535 copiose
1531 1495 1742 1537 fructificans,
1773 1507 1803 1528 v.
1829 1507 1854 1530 0.
1879 1497 2033 1540 Ottenby-

402 1553 495 1593 lund,
525 1553 558 1584 in
590 1552 672 1583 silva
702 1550 843 1581 abietina
872 1550 955 1580 inter
984 1547 1135 1588 templum
1171 1545 1374 1577 Thorslunda
1403 1549 1434 1576 et
1463 1546 1694 1588 F'arjestaden,
1728 1548 1811 1579 inter
1845 1548 1972 1581 Saxnas
2003 1553 2036 1581 et

405 1604 558 1644 Rohalla,
585 1602 717 1643 Hogby‚
741 1600 831 1632 Boda
855 1599 1044 1640 kronopark
1067 1616 1109 1621 —-
1134 1608 1160 1629 0.
1185 1598 1222 1629 fr.
1245 1616 1287 1619 —
1310 1597 1348 1628 A.
1371 1597 1413 1628 M.
1437 1597 1473 1628 B.

406 1675 463 1709 24.
524 1672 757 1719 Campylopus
786 1670 956 1717 tovfaceus
983 1667 1139 1714 Sohimp.
1168 1666 1252 1713 Syn.
1281 1677 1314 1712 p.
1345 1668 1402 1701 98.
1431 1688 1480 1692 -—
1507 1666 1567 1701 ΒΓ.
1597 1677 1669 1702 eur.
1698 1668 1769 1703 tab.
1800 1670 1857 1703 91.

556 1744 593 1775 In
611 1746 697 1774 terra
714 1741 845 1772 humida
863 1741 1005 1772 torfaeea
1027 1740 1178 1771 silvarum
1200 1738 1407 1778 abiegnarum
1432 1748 1504 1769 raro
1522 1741 1553 1769 01
1568 1738 1785 1770 tantummodo
1809 1749 1906 1780 parce
1930 1749 2039 1781 reper-

406 1800 473 1828 tum
495 1795 578 1826 inter
602 1794 729 1824 Samiis
754 1795 785 1823 et
809 1791 946 1823 Roh'alla
970 1801 1034 1821 una
1058 1800 1128 1821 oum
1154 1790 1350 1820 Diorcmella
1373 1789 1567 1819 cerviculam
1589 1807 1632 1811 —
1656 1798 1682 1820 c.
1705 1789 1742 1820 fr.
1769 1808 1809 1813 -—
1834 1791 1874 1822 M.

408 1865 466 1899 25.
520 1863 763 1908 Leucobryum
793 1861 959 1908 ylaucmn
993 1860 1064 1906 (L.)
1099 1881 1149 1886 --
1181 1858 1337 1903 Schimp.
1372 1857 1455 1904 Syn.
1488 1869 1522 1904 p.
1561 1859 1641 1893 101.
1675 1879 1727 1884 —
1760 1858 1819 1893 ΒΓ.
1858 1870 1929 1894 eur.
1962 1861 2035 1896 tab.

575 1922 639 1965 97.
669 1922 726 1955 98.
754 1941 804 1945 -—
831 1919 971 1954 Hartm.
998 1918 1054 1953 Fl.
1083 1917 1138 1952 ed.
1169 1919 1207 1961 9,
1236 1928 1269 1962 p.
1301 1918 1357 1951 65.

559 1990 597 2021 111
619 1992 704 2020 terra
728 1988 889 2027 uliginosa
913 1987 1080 2025 silvarum,
1106 1985 1137 2016 in
1162 1984 1332 2026 paludibus
1363 1986 1422 2015 010.
1452 1984 1558 2014 multis
1581 1984 1678 2025 loeis,
1703 1995 1732 2016 v.
1756 1995 1780 2016 0.
1805 1985 2036 2029 Ottenbylund‚

408 2043 491 2074 infra
513 2041 663 2081 templum
688 2037 906 2078 Thorslunda,
932 2036 1162 2078 Fiiijestaclen,
1185 2035 1367 2075 Mollstorp,
1385 2034 1467 2065 inter
1484 2034 1611 2065 Saxniis
1629 2038 1660 2065 et
1676 2035 1828 2076 Rohfflla,
1846 2037 1928 2068 inter
1944 2038 2039 2071 Stora

410 2094 476 2125 Ror
500 2096 532 2123 et
554 2091 662 2130 Ralla,
685 2090 717 2120 111
740 2089 910 2130 paludibus
934 2088 1017 2119 inter
1041 2086 1205 2127 Trogstad
1229 2089 1260 2116 et
1283 2086 1436 2125 templum
1459 2086 1602 2126 Koping,
1627 2086 1659 2116 in
1682 2087 1782 2126 pratis
1806 2088 1938 2120 marinis
1955 2089 2039 2121 inter

409 2143 541 2185 KOping
565 2146 596 2173 et
618 2140 806 2181 Borgholm,
832 2139 963 2179 Hogby,
985 2138 1077 2168 Boda
1101 2137 1285 2177 kronopark
1310 2136 1451 2176 copiose.
1475 2154 1517 2159 —-
1540 2136 1575 2167 A.
1600 2136 1641 2166 M.
1667 2136 1701 2166 B.

411 2214 469 2248 26.
523 2210 701 2246 Fz'ssidens
733 2209 899 2244 incurvus
936 2206 1005 2253 (W.
1034 2205 1096 2250 M.)
1130 2227 1179 2232 —
1214 2204 1369 2250 Schimp.
1405 2203 1490 2250 Syn.
1518 2216 1551 2251 p.
1585 2206 1665 2239 104.
1693 2226 1743 2232 ——
1769 2205 1829 2241 ΒΓ.
1863 2217 1935 2242 eur.
1964 2209 2036 2244 tab.

579 2270 636 2304 99.
665 2289 715 2294 —
741 2265 932 2301 Fissidens
961 2264 1133 2299 viridulus
1161 2263 1299 2299 Hartm.
1326 2262 1381 2297 ΕΙ.
1412 2262 1466 2297 ed.
1496 2264 1533 2304 9,
1561 2274 1594 2309 p.
1626 2264 1682 2298 73.

561 2341 611 2372 Ad
636 2343 754 2371 terram
778 2339 952 2378 fossarum,
978 2348 1008 2368 v.
1032 2346 1057 2367 0.
1084 2336 1178 2367 Stora
1202 2336 1268 2367 R'or
1291 2354 1332 2359 —
1356 2346 1382 2367 0.
1405 2337 1440 2367 fr.
1464 2354 1507 2358 —
1529 2336 1570 2367 M.

413 2411 471 2445 27.
526 2409 705 2444 Fissidens
731 2406 999 2443 Osmundz'oz'des
1024 2405 1070 2440 H.
1088 2427 1134 2430 —
1151 2404 1305 2451 Schimp.
1326 2403 1411 2451 Syn.
1425 2415 1458 2450 p.
1477 2405 1558 2439 106.
1573 2426 1624 2430 -—
1639 2404 1698 2439 Br.
1716 2415 1786 2439 eur.
1803 2405 1873 2440 tab.
1892 2407 1973 2441 103.
1989 2427 2040 2433 ·——

577 2467 717 2503 Hartm.
744 2466 800 2501 Fl.
828 2464 883 2500 ed.
914 2466 950 2510 9,
976 2476 1008 2510 p.
1042 2465 1096 2499 72.

564 2534 601 2565 In
629 2536 714 2564 terra
743 2531 874 2563 humida
904 2532 994 2562 silvae
1022 2529 1114 2561 Roda.
1143 2529 1346 2570 kronopark,
1376 2529 1429 2560 uhi
1457 2533 1602 2570 repertus
1627 2529 1730 2560 estin
1755 2533 1846 2570 parte
1870 2530 1955 2562 diota
1977 2532 2039 2563 Bo-

413 2585 624 2626 gateskogen.
650 2602 687 2606 —
712 2584 749 2614 B.
