2134 3034
413 164 460 197 42
990 160 1034 196 N.
1061 159 1146 195 JOH.
1175 159 1358 203 Scaeam,

364 265 485 304 Scotia,
509 262 704 295 Lombardia
727 266 758 294 et
782 261 1038 293 Transsilvania.
1062 280 1104 284 ——
1126 262 1163 292 In
1188 263 1270 292 Asia
1294 262 1410 292 lectum
1438 262 1469 293 in
1500 261 1686 302 regionibus
1714 261 1986 292 transcaucasicis

362 319 457 356 atque
481 316 513 346 in
536 314 653 346 Sibiria
677 314 795 345 altaica
818 313 940 344 indicat
962 313 1159 344 LEDEBOUR
1181 313 1240 353 (Fl.
1267 313 1362 344 Ross.
1386 313 1406 344 l.
1431 314 1470 353 c.)
1491 314 1531 353 (v.
1557 313 1607 354 v.).

511 375 614 416 Hujus
639 374 758 415 speciei
782 372 1002 414 polymorphae
1026 376 1090 404 tres
1115 373 1224 404 formae
1248 372 1500 413 distinguuntur:

513 435 545 475 α)
571 435 725 474 typicum,
749 432 834 474 quod
860 432 944 464 haud
969 433 1062 464 dubie
1087 437 1136 464 est
1156 433 1257 464 forma
1287 433 1439 464 normalis
1475 433 1610 473 speciei,
1646 442 1723 472 una,
1759 442 1851 473 quam
1881 431 1985 472 copio-

361 486 428 517 sius
451 486 560 526 legere
583 486 671 526 licet,
697 485 875 525 eademque
898 484 1000 515 forma
1024 484 1258 524 vulgatissima.

363 567 440 603 Syn.
465 566 587 604 plurima
612 575 694 603 supra
720 565 820 592 allata:
846 561 886 593 G.
910 563 1119 593 intermedium
1143 563 1163 602 β
1186 563 1422 602 (ΖοῖίοΙιοΡοθοηι
1447 564 1563 592 floribus
1588 564 1757 601 majoribus,
1777 563 1845 600 styli
1865 562 1986 590 articulo

534 617 678 654 superiore
713 616 841 652 longiore
872 616 1014 653 plumoso.
1041 632 1080 635 —
1111 616 1140 644 C.
1170 617 1205 645 A.
1236 617 1335 654 Meyer
1362 616 1424 644 Ind.
1454 626 1521 644 sem.
1554 616 1626 644 hort.
1656 616 1770 653 Petrop.
1794 615 1850 649 XI,
1882 625 1909 652 p.
1934 615 1985 642 42.

532 668 597 696 Hoc
621 668 713 705 magis
738 667 772 695 ad
798 668 832 696 G.
856 666 943 695 rivale
969 668 1090 696 accedit.

509 744 540 784 β)
564 743 738 774 Ehrhartz’.
783 742 843 774 Est
864 743 966 774 forma
989 742 1161 782 recedens,
1186 742 1318 773 forsitan
1343 741 1481 783 hybrida
1504 752 1563 773 nec
1587 743 1650 773 ullo
1675 741 1768 773 modo
1799 744 1906 782 potest
1929 740 1986 771 ha-

360 796 428 827 beri
452 805 509 836 pro
534 795 634 826 forma
657 794 822 835 primaria3
847 798 897 825 est
920 795 1100 836 rarissima,
1125 795 1238 835 paucis
1262 793 1359 825 modo
1384 794 1508 834 sparsis
1533 793 1760 835 speciminibus
1785 793 1931 824 occurrit.

362 876 441 913 Syn.
465 871 505 902 G.
528 874 737 903 ‘abner-medium
762 874 850 903 Ehrh.
875 874 985 902 verum!
1016 884 1050 902 ex
1080 874 1112 902 C.
1143 875 1177 902 A.
1208 874 1321 912 Meyer,
1354 874 1399 911 qui
1430 874 1547 911 specim.
1579 874 1707 902 authent.
1736 872 1920 901 examinavit.
1945 888 1985 891 —

532 926 621 964 Rupr.
646 926 777 964 Petrop.‚
802 937 828 964 p.
855 927 903 953 64.

469 974 507 1005 G.
531 977 741 1006 intermedium
769 987 787 1005 α
817 977 1046 1017 braclzypoyon:
1083 977 1198 1005 floribus
1229 977 1402 1011 minoribus;
1433 977 1499 1014 styli
1531 977 1650 1005 articulo
1681 976 1823 1014 superiore
1854 975 1986 1013 plumoso

532 1029 607 1057 hirto
632 1029 718 1058 brevi.
744 1046 785 1048 —
809 1029 840 1058 C.
865 1031 898 1058 A.
923 1030 998 1067 Mcy.
1024 1030 1041 1057 l.
1067 1038 1089 1056 c.
1116 1045 1155 1048 —
1180 1029 1243 1056 Hoc
1273 1029 1364 1065 magis
1394 1029 1428 1056 ad
1459 1029 1493 1057 Gr.
1523 1029 1661 1056 urbanum
1692 1027 1811 1055 accedit.
1836 1043 1875 1046 ——
1902 1027 1986 1054 Teste

533 1081 632 1118 Meyer
656 1081 766 1108 habitat
789 1081 817 1108 in
843 1081 995 1109 Germania
1021 1091 1108 1119 prope
1133 1081 1333 1109 Hannoveram
1359 1084 1386 1108 et
1416 1080 1579 1108 Bcrolinum
1612 1084 1696 1117 atque
1721 1080 1749 1107 in
1774 1078 1874 1106 Rossia
1900 1087 1987 1116 prope

532 1132 708 1170 Petropolin.

511 1213 539 1248 y)
573 1208 777 1238 WiZchenowii
799 1207 894 1248 (Mey.
918 1206 987 1237 Ind.
1012 1206 1091 1237 hort.
1116 1207 1200 1238 Petr.
1223 1207 1285 1245 XI,
1310 1217 1340 1248 p.
1365 1207 1435 1247 44),
1458 1205 1543 1247 quod
1566 1206 1676 1247 Meyer
1703 1205 1780 1236 dicit
1801 1215 1875 1236 esse
1892 1205 1985 1245 quasi

359 1261 492 1292 formam
526 1259 750 1291 intermediam
785 1260 867 1290 inter
902 1258 940 1289 G.
969 1260 1117 1289 strietzmn
1147 1262 1179 1289 et
1206 1260 1322 1294 rivale.
1351 1258 1408 1290 sed
1433 1268 1482 1289 me
1501 1257 1611 1300 judice
1636 1257 1678 1288 ad
1702 1257 1740 1288 G.
1764 1258 1985 1288 intermedium

360 1312 452 1343 nimis
478 1311 612 1342 accedit.
657 1310 769 1341 Patria
792 1312 860 1350 eJ'us
884 1310 1011 1350 ignota,
1036 1312 1157 1341 tantum
1182 1310 1214 1341 in
1238 1309 1337 1340 hortis
1362 1309 1518 1340 botanicis
1543 1309 1712 1341 invenitur.
1758 1309 1855 1340 Forte
1880 1308 1985 1349 hybri-

359 1364 433 1395 dum
457 1364 477 1394 l.
502 1363 632 1394 culturae
656 1361 730 1393 filia.

360 1446 439 1483 Syn.
465 1441 505 1473 G.
538 1442 737 1472 PViZchenowiz'
758 1443 789 1471 C.
814 1444 848 1471 A.
873 1443 950 1479 Mey.
976 1442 994 1470 1.
1020 1451 1043 1470 ο.
1070 1457 1109 1460 -
1134 1440 1171 1469 (ι’.
1196 1441 1405 1470 inter-medium
1430 1442 1525 1470 Willd.
1551 1441 1625 1470 hort.
1650 1441 1758 1475 Berol„
1784 1445 1804 1470 t.
1831 1443 1881 1470 69.

506 1521 534 1551 A
558 1519 597 1550 G.
615 1519 800 1549 intermedio
824 1529 843 1547 α
867 1520 899 1548 et
922 1519 942 1557 β
963 1516 1068 1547 differt
1084 1516 1201 1557 petalis
1220 1516 1592 1554 obovato-subrotnndis,
1611 1516 1855 1555 subsessilibus,
1873 1517 1985 1558 calyce

358 1573 453 1614 paulo
476 1571 673 1611 longioribus
700 1589 738 1593 —-
763 1570 794 1600 in
820 1569 883 1601 illis
907 1569 1017 1609 petala
1042 1571 1115 1599 sunt
1139 1567 1275 1598 obovata
1300 1568 1368 1599 basi
1399 1568 1548 1599 distinete
1579 1571 1744 1599 attenuata
1774 1569 1886 1609 calyce
1919 1570 1986 1610 ple-

358 1633 489 1663 rumque
512 1622 671 1654 breviora.
694 1639 736 1644 ——
761 1621 843 1662 Styli
868 1620 1019 1651 articulus
1043 1619 1076 1650 in
1107 1620 1145 1650 (ἑ.
1180 1619 1388 1650 IsVz‘Zldenowiz'
1415 1620 1498 1662 Mey.
1524 1619 1715 1651 describitur
1742 1620 1809 1651 basi
1832 1620 1984 1660 hirtulus⁷

358 1685 421 1706 non
445 1675 619 1715 plumosus.
643 1691 685 1695 —
710 1673 849 1714 specim.
873 1672 904 1703 in
929 1671 1020 1702 horto
1044 1671 1122 1712 Ups.
1149 1671 1233 1702 culta
1257 1671 1332 1702 vidi.

507 1735 585 1765 Haec
615 1733 757 1774 species,
788 1733 878 1775 cnjus
907 1731 1001 1763 modo
1029 1732 1130 1762 forma
1159 1743 1176 1761 α
1207 1732 1239 1762 in
1273 1730 1492 1762 scandinavia
1526 1732 1624 1770 lecta,
1661 1735 1710 1762 est
1744 1736 1854 1772 aperte
1888 1732 1984 1763 inter-

358 1786 464 1819 media
487 1786 569 1817 inter
592 1785 631 1816 G.
655 1787 814 1815 urbanum
839 1787 870 1815 et
893 1784 932 1815 G.
956 1784 1072 1821 rivale,
1097 1792 1195 1823 quare
1219 1792 1238 1812 a
1262 1783 1423 1814 nonnullis
1447 1786 1575 1823 putatur
1599 1782 1744 1824 hybrida.
1791 1784 1832 1814 At
1850 1793 1912 1814 non
1929 1793 1983 1824 po-

356 1842 420 1870 test
436 1848 498 1869 non
516 1836 712 1868 considerari
730 1839 763 1867 ut
780 1836 906 1877 species
924 1835 1074 1875 genuina,
1092 1844 1186 1874 quum
1203 1834 1323 1874 passim
1342 1835 1407 1866 suis
1425 1835 1503 1866 locis
1521 1835 1667 1876 copiosa3
1686 1835 1820 1866 testibus
1837 1835 1983 1867 FROESIO

358 1890 494 1930 aliisque
520 1898 537 1919 c
561 1890 675 1919 semine
699 1889 815 1919 cultum
840 1892 988 1918 constans
1008 1887 1065 1924 sit,
1092 1890 1123 1916 et
1146 1896 1216 1916 cum
1240 1886 1304 1916 Geo
1328 1887 1428 1916 ‘rivali
1458 1886 1585 1924 floreat,
1610 1887 1794 1927 priusquam
1821 1886 1860 1917 G.
1885 1888 1983 1916 urba-

357 1953 432 1972 num
463 1940 577 1971 florere
612 1940 753 1981 incipiat.
800 1940 943 1979 Reliquae
976 1938 1083 1969 formae
1117 1937 1211 1968 facilc
1244 1936 1387 1978 hybridae
1416 1938 1434 1969 l.
1467 1939 1596 1969 culturae
1625 1938 1708 1969 filiae.
1732 1956 1774 1960 -
1798 1937 1983 1979 Specimina

359 1992 588 2023 scandinavica
613 1991 803 2022 describam.
849 1991 964 2021 Planta
988 1989 1081 2020 modo
1105 1988 1272 2020 crescendi
1303 1988 1344 2019 ad
1373 1989 1413 2020 G.
1437 1990 1539 2020 rivale
1569 1990 1666 2020 multo
1695 1989 1799 2029 magis
1823 1999 1918 2029 quam
1943 1989 1983 2020 ad

358 2044 397 2076 G.
421 2045 578 2074 urbanum
603 2042 736 2074 accedit.
785 2042 894 2073 Caulis
929 2041 1088 2082 bipedalis
1125 2044 1155 2072 et
1189 2042 1286 2078 ultra,
1323 2041 1468 2080 gracilis,
1499 2041 1686 2081 angnlatus,
1711 2040 1834 2072 inferne
1859 2041 1983 2076 virens,

358 2104 496 2136 superne
525 2094 652 2125 rubens.
698 2094 790 2125 Folia
821 2094 1047 2134 pubescentia,
1076 2092 1233 2124 radicalia
1264 2093 1642 2133 lyrato-pinnatipartita‚
1672 2093 1801 2123 caulina
1824 2093 1983 2133 tripartita

358 2147 409 2178 vel
433 2146 626 2177 subternata.
674 2145 805 2186 Stipulac
829 2144 1009 2185 subovatae‚
1035 2145 1156 2176 incisae.
1202 2144 1242 2175 Et
1266 2144 1341 2175 folia
1366 2148 1397 2175 et
1421 2144 1545 2184 stipulae
1569 2144 1673 2184 magis
1699 2144 1825 2184 stipulis
1851 2147 1881 2175 et
1898 2144 1982 2175 foliis

358 2197 394 2229 G.
419 2198 530 2229 urbani
552 2207 646 2237 quam
673 2197 709 2228 G.
734 2197 844 2228 rivalis
869 2196 986 2228 similia
1010 2200 1092 2227 sunt.
1138 2196 1252 2226 Flores
1277 2195 1456 2236 saepissime
1480 2196 1602 2233 cernui,
1627 2195 1727 2236 primo
1748 2195 1984 2236 companulati,

357 2252 471 2290 postea
499 2253 663 2290 patentes·⁷
696 2248 860 2279 subrotati.
908 2248 1011 2289 Calyx
1041 2247 1416 2288 eglandulosowillosus⁷
1441 2246 1652 2284 rubicundus,
1677 2247 1803 2278 laciniis
1829 2247 1982 2287 longissi-

358 2310 407 2331 me
439 2300 645 2338 acuminatis,
680 2300 888 2337 trinervibus,
924 2304 1016 2330 extus
1052 2299 1301 2337 rufescentibns,
1332 2299 1416 2329 intus
1446 2298 1822 2330 livido-flavescentibus.
1870 2299 1983 2330 Petala

357 2353 457 2391 lutea,
475 2351 628 2390 obovata,
646 2362 708 2382 non
728 2352 944 2391 emargffiata,
969 2351 1001 2382 in
1022 2360 1161 2390 unguem
1179 2353 1347 2381 cuneatum
1366 2349 1589 2381 brevissimum
1608 2343 1783 2381 attenuata.
1831 2350 1982 2391 Carpella

357 2403 479 2444 pilosa,
504 2403 579 2444 styli
605 2403 737 2434 articulo
761 2403 927 2444 superiore
951 2402 1022 2433 basi
1045 2402 1149 2443 piloso
1174 2402 1225 2433 vel
1249 2401 1500 2442 hirto-plumoso.
1548 2401 1788 2442 Carpophorum
1813 2402 1938 2433 sessile.

509 2473 580 2503 Οὐδ.
606 2475 634 2504 1.
681 2473 794 2504 Utrum
818 2471 857 2503 G.
881 2472 1102 2502 intermediam
1126 2471 1163 2502 G.
1187 2471 1287 2501 rivali
1311 2481 1351 2501 an
1376 2470 1414 2501 G.
1438 2472 1560 2501 urbano
1584 2471 1714 2512 propius
1739 2471 1793 2509 sit,
1817 2471 1900 2501 inter
1923 2470 1979 2502 bo-

357 2525 481 2555 tanicos
505 2534 633 2565 semper
656 2524 714 2555 fuit
737 2533 855 2564 magna
880 2522 1049 2554 dissensio.
1096 2523 1147 2553 Me
1171 2522 1281 2563 judice
1305 2525 1355 2553 est
1382 2522 1557 2563 proximum
1587 2522 1626 2554 G.
1652 2524 1765 2560 rivali,
1791 2533 1809 2553 a
1834 2532 1895 2563 quo
1922 2521 1980 2552 dif-
