<?xml version="1.0" encoding="UTF-8"?>
<!DOCTYPE html PUBLIC "-//W3C//DTD XHTML 1.0 Transitional//EN"
    "http://www.w3.org/TR/xhtml1/DTD/xhtml1-transitional.dtd">
<html xmlns="http://www.w3.org/1999/xhtml" xml:lang="en" lang="en">
 <head>
  <title>
</title>
<meta http-equiv="Content-Type" content="text/html;charset=utf-8" />
  <meta name='ocr-system' content='tesseract 3.04.00' />
  <meta name='ocr-capabilities' content='ocr_page ocr_carea ocr_par ocr_line ocrx_word'/>
</head>
<body>
  <div class='ocr_page' id='page_1' title='image "./novaactaregiaeso37kung_0482.png"; bbox 0 0 2134 3034; ppageno 0'>
   <div class='ocr_carea' id='block_1_1' title="bbox 430 168 1371 214">
    <p class='ocr_par' dir='ltr' id='par_1_1' title="bbox 430 168 1371 214">
     <span class='ocr_line' id='line_1_1' title="bbox 430 168 1371 214; baseline -0.003 -7"><span class='ocrx_word' id='word_1_1' title='bbox 430 173 476 207; x_wconf 76' lang='lat' dir='ltr'><strong>3ss</strong></span> <span class='ocrx_word' id='word_1_2' title='bbox 1004 169 1048 205; x_wconf 91' lang='lat' dir='ltr'><strong>N.</strong></span> <span class='ocrx_word' id='word_1_3' title='bbox 1073 168 1157 206; x_wconf 77' lang='lat' dir='ltr'><strong>Jon.</strong></span> <span class='ocrx_word' id='word_1_4' title='bbox 1186 169 1371 214; x_wconf 65' lang='lat' dir='ltr'><strong>Scnnui&#39;z,</strong></span> 
     </span>
    </p>
   </div>
   <div class='ocr_carea' id='block_1_2' title="bbox 376 271 2004 570">
    <p class='ocr_par' dir='ltr' id='par_1_2' title="bbox 376 271 2004 570">
     <span class='ocr_line' id='line_1_2' title="bbox 378 271 2004 312; baseline -0.002 -9"><span class='ocrx_word' id='word_1_5' title='bbox 378 273 439 304; x_wconf 88' lang='lat' dir='ltr'><strong>ties</strong></span> <span class='ocrx_word' id='word_1_6' title='bbox 463 273 618 311; x_wconf 88' lang='lat' dir='ltr'><strong>minores,</strong></span> <span class='ocrx_word' id='word_1_7' title='bbox 644 272 910 312; x_wconf 80' lang='lat' dir='ltr'><strong>inciso-serratae,</strong></span> <span class='ocrx_word' id='word_1_8' title='bbox 935 282 1018 303; x_wconf 92' lang='lat' dir='ltr'><strong>nunc</strong></span> <span class='ocrx_word' id='word_1_9' title='bbox 1041 272 1113 303; x_wconf 70' lang='lat' dir='ltr'><strong>alia}</strong></span> <span class='ocrx_word' id='word_1_10' title='bbox 1136 272 1275 303; x_wconf 90' lang='lat' dir='ltr'><strong>minores</strong></span> <span class='ocrx_word' id='word_1_11' title='bbox 1298 272 1447 312; x_wconf 79' lang='lat' dir='ltr'><strong>integrae,</strong></span> <span class='ocrx_word' id='word_1_12' title='bbox 1472 282 1556 303; x_wconf 89' lang='lat' dir='ltr'><strong>nunc</strong></span> <span class='ocrx_word' id='word_1_13' title='bbox 1586 272 1657 303; x_wconf 74' lang='lat' dir='ltr'><strong>aliae</strong></span> <span class='ocrx_word' id='word_1_14' title='bbox 1687 271 1823 312; x_wconf 87' lang='lat' dir='ltr'><strong>majores</strong></span> <span class='ocrx_word' id='word_1_15' title='bbox 1854 273 2004 301; x_wconf 77' lang='lat' dir='ltr'><strong>crematae.</strong></span> 
     </span>
     <span class='ocr_line' id='line_1_3' title="bbox 379 321 2004 364; baseline -0.003 -8"><span class='ocrx_word' id='word_1_16' title='bbox 379 325 495 356; x_wconf 83' lang='lat' dir='ltr'><strong>Caules</strong></span> <span class='ocrx_word' id='word_1_17' title='bbox 520 324 645 364; x_wconf 79' lang='lat' dir='ltr'>apicem</span> <span class='ocrx_word' id='word_1_18' title='bbox 669 333 781 354; x_wconf 91' lang='lat' dir='ltr'><strong>versus</strong></span> <span class='ocrx_word' id='word_1_19' title='bbox 807 323 931 354; x_wconf 87' lang='lat' dir='ltr'><strong>duobus</strong></span> <span class='ocrx_word' id='word_1_20' title='bbox 956 324 1041 355; x_wconf 88' lang='lat' dir='ltr'><strong>foliis</strong></span> <span class='ocrx_word' id='word_1_21' title='bbox 1071 323 1209 354; x_wconf 88' lang='lat' dir='ltr'><strong>minimis</strong></span> <span class='ocrx_word' id='word_1_22' title='bbox 1240 323 1492 355; x_wconf 84' lang='lat' dir='ltr'><strong>inciso-serratis</strong></span> <span class='ocrx_word' id='word_1_23' title='bbox 1521 333 1580 355; x_wconf 87' lang='lat' dir='ltr'><strong>nec</strong></span> <span class='ocrx_word' id='word_1_24' title='bbox 1609 323 1846 364; x_wconf 84' lang='lat' dir='ltr'><strong>pinnatiseetis,</strong></span> <span class='ocrx_word' id='word_1_25' title='bbox 1878 321 2004 362; x_wconf 82' lang='lat' dir='ltr'><strong>glaber-</strong></span> 
     </span>
     <span class='ocr_line' id='line_1_4' title="bbox 378 373 2003 416; baseline -0.001 -10"><span class='ocrx_word' id='word_1_26' title='bbox 378 376 466 407; x_wconf 90' lang='lat' dir='ltr'><strong>rimis</strong></span> <span class='ocrx_word' id='word_1_27' title='bbox 490 375 646 406; x_wconf 86' lang='lat' dir='ltr'><strong>instructi.</strong></span> <span class='ocrx_word' id='word_1_28' title='bbox 693 375 806 405; x_wconf 87' lang='lat' dir='ltr'><strong>Flores</strong></span> <span class='ocrx_word' id='word_1_29' title='bbox 830 374 862 405; x_wconf 90' lang='lat' dir='ltr'><strong>in</strong></span> <span class='ocrx_word' id='word_1_30' title='bbox 888 375 979 415; x_wconf 86' lang='lat' dir='ltr'><strong>apice</strong></span> <span class='ocrx_word' id='word_1_31' title='bbox 1004 375 1105 406; x_wconf 87' lang='lat' dir='ltr'><strong>caulis</strong></span> <span class='ocrx_word' id='word_1_32' title='bbox 1129 376 1195 406; x_wconf 88' lang='lat' dir='ltr'><strong>fere</strong></span> <span class='ocrx_word' id='word_1_33' title='bbox 1219 375 1396 414; x_wconf 85' lang='lat' dir='ltr'><strong>umbellati,</strong></span> <span class='ocrx_word' id='word_1_34' title='bbox 1422 375 1536 415; x_wconf 85' lang='lat' dir='ltr'><strong>erecti,</strong></span> <span class='ocrx_word' id='word_1_35' title='bbox 1562 375 1699 415; x_wconf 84' lang='lat' dir='ltr'>minimi,</span> <span class='ocrx_word' id='word_1_36' title='bbox 1725 374 1913 416; x_wconf 80' lang='lat' dir='ltr'>pedunculis</span> <span class='ocrx_word' id='word_1_37' title='bbox 1937 373 2003 404; x_wconf 88' lang='lat' dir='ltr'><strong>fere</strong></span> 
     </span>
     <span class='ocr_line' id='line_1_5' title="bbox 378 425 2003 467; baseline -0.001 -9"><span class='ocrx_word' id='word_1_38' title='bbox 378 428 473 458; x_wconf 88' lang='lat' dir='ltr'><strong>nullis</strong></span> <span class='ocrx_word' id='word_1_39' title='bbox 503 427 553 458; x_wconf 92' lang='lat' dir='ltr'><strong>vel</strong></span> <span class='ocrx_word' id='word_1_40' title='bbox 581 426 796 465; x_wconf 81' lang='lat' dir='ltr'><strong>brevissimis,</strong></span> <span class='ocrx_word' id='word_1_41' title='bbox 829 436 848 457; x_wconf 84' lang='lat' dir='ltr'><strong>a</strong></span> <span class='ocrx_word' id='word_1_42' title='bbox 877 427 962 457; x_wconf 87' lang='lat' dir='ltr'><strong>foliis</strong></span> <span class='ocrx_word' id='word_1_43' title='bbox 991 427 1126 458; x_wconf 76' lang='lat' dir='ltr'><strong>caulinis</strong></span> <span class='ocrx_word' id='word_1_44' title='bbox 1157 437 1219 458; x_wconf 89' lang='lat' dir='ltr'><strong>non</strong></span> <span class='ocrx_word' id='word_1_45' title='bbox 1248 427 1437 458; x_wconf 85' lang='lat' dir='ltr'><strong>involucrati</strong></span> <span class='ocrx_word' id='word_1_46' title='bbox 1461 427 1504 463; x_wconf 86' lang='lat' dir='ltr'><strong>(in</strong></span> <span class='ocrx_word' id='word_1_47' title='bbox 1529 437 1651 467; x_wconf 82' lang='lat' dir='ltr'><strong>specc.,</strong></span> <span class='ocrx_word' id='word_1_48' title='bbox 1677 437 1746 467; x_wconf 82' lang='lat' dir='ltr'><strong>quae</strong></span> <span class='ocrx_word' id='word_1_49' title='bbox 1770 426 1853 465; x_wconf 85' lang='lat' dir='ltr'><strong>vidi,</strong></span> <span class='ocrx_word' id='word_1_50' title='bbox 1881 425 1939 457; x_wconf 87' lang='lat' dir='ltr'><strong>sed</strong></span> <span class='ocrx_word' id='word_1_51' title='bbox 1963 435 2003 456; x_wconf 81' lang='lat' dir='ltr'><strong>ex</strong></span> 
     </span>
     <span class='ocr_line' id='line_1_6' title="bbox 377 478 2004 519; baseline -0.001 -10"><span class='ocrx_word' id='word_1_52' title='bbox 377 478 527 510; x_wconf 84' lang='lat' dir='ltr'><strong>Weddcll</strong></span> <span class='ocrx_word' id='word_1_53' title='bbox 557 478 632 509; x_wconf 81' lang='lat' dir='ltr'><strong>folia</strong></span> <span class='ocrx_word' id='word_1_54' title='bbox 662 478 790 509; x_wconf 81' lang='lat' dir='ltr'><strong>caulina</strong></span> <span class='ocrx_word' id='word_1_55' title='bbox 819 479 877 509; x_wconf 90' lang='lat' dir='ltr'><strong>sub</strong></span> <span class='ocrx_word' id='word_1_56' title='bbox 905 478 1143 509; x_wconf 79' lang='lat' dir='ltr'><strong>infloresocntia</strong></span> <span class='ocrx_word' id='word_1_57' title='bbox 1176 479 1400 519; x_wconf 82' lang='lat' dir='ltr'><strong>approximata</strong></span> <span class='ocrx_word' id='word_1_58' title='bbox 1435 478 1593 510; x_wconf 88' lang='lat' dir='ltr'><strong>interdum</strong></span> <span class='ocrx_word' id='word_1_59' title='bbox 1623 478 1719 510; x_wconf 90' lang='lat' dir='ltr'><strong>flores</strong></span> <span class='ocrx_word' id='word_1_60' title='bbox 1750 478 2004 518; x_wconf 82' lang='lat' dir='ltr'><strong>involucrantia).</strong></span> 
     </span>
     <span class='ocr_line' id='line_1_7' title="bbox 376 530 1289 570; baseline 0.001 -9"><span class='ocrx_word' id='word_1_61' title='bbox 376 530 490 561; x_wconf 85' lang='lat' dir='ltr'><strong>Petala</strong></span> <span class='ocrx_word' id='word_1_62' title='bbox 513 530 617 560; x_wconf 84' lang='lat' dir='ltr'><strong>nivea.</strong></span> <span class='ocrx_word' id='word_1_63' title='bbox 662 530 805 561; x_wconf 78' lang='lat' dir='ltr'><strong>Laciniae</strong></span> <span class='ocrx_word' id='word_1_64' title='bbox 830 530 985 570; x_wconf 80' lang='lat' dir='ltr'><strong>calycinae</strong></span> <span class='ocrx_word' id='word_1_65' title='bbox 1010 533 1129 569; x_wconf 54' lang='lat' dir='ltr'><strong>ovatte,</strong></span> <span class='ocrx_word' id='word_1_66' title='bbox 1158 530 1289 562; x_wconf 80' lang='lat' dir='ltr'><strong>obtusae.</strong></span> 
     </span>
    </p>
   </div>
   <div class='ocr_carea' id='block_1_3' title="bbox 378 597 2005 741">
    <p class='ocr_par' dir='ltr' id='par_1_3' title="bbox 378 597 2005 741">
     <span class='ocr_line' id='line_1_8' title="bbox 530 597 2005 639; baseline -0.001 -10"><span class='ocrx_word' id='word_1_67' title='bbox 530 599 601 629; x_wconf 76' lang='lat' dir='ltr'><strong>Obs.</strong></span> <span class='ocrx_word' id='word_1_68' title='bbox 630 598 656 629; x_wconf 94' lang='lat'><strong>1.</strong></span> <span class='ocrx_word' id='word_1_69' title='bbox 702 599 731 629; x_wconf 90' lang='lat' dir='ltr'><strong>A</strong></span> <span class='ocrx_word' id='word_1_70' title='bbox 754 597 819 628; x_wconf 82' lang='lat' dir='ltr'><strong>Geo</strong></span> <span class='ocrx_word' id='word_1_71' title='bbox 843 599 1043 628; x_wconf 67' lang='lat' dir='ltr'><strong>involucrato</strong></span> <span class='ocrx_word' id='word_1_72' title='bbox 1068 597 1183 628; x_wconf 72' lang='lat' dir='ltr'><strong>eximie</strong></span> <span class='ocrx_word' id='word_1_73' title='bbox 1209 597 1392 629; x_wconf 86' lang='lat' dir='ltr'><strong>distinctum</strong></span> <span class='ocrx_word' id='word_1_74' title='bbox 1417 598 1561 629; x_wconf 87' lang='lat' dir='ltr'><strong>caulibus</strong></span> <span class='ocrx_word' id='word_1_75' title='bbox 1593 598 1726 639; x_wconf 80' lang='lat' dir='ltr'><strong>glabris,</strong></span> <span class='ocrx_word' id='word_1_76' title='bbox 1761 597 1892 629; x_wconf 84' lang='lat' dir='ltr'><strong>floribus</strong></span> <span class='ocrx_word' id='word_1_77' title='bbox 1918 606 2005 628; x_wconf 91' lang='lat' dir='ltr'><strong>erec-</strong></span> 
     </span>
     <span class='ocr_line' id='line_1_9' title="bbox 378 649 2004 690; baseline -0.001 -9"><span class='ocrx_word' id='word_1_78' title='bbox 378 650 433 689; x_wconf 86' lang='lat' dir='ltr'><strong>tis,</strong></span> <span class='ocrx_word' id='word_1_79' title='bbox 459 650 535 681; x_wconf 89' lang='lat' dir='ltr'><strong>folio</strong></span> <span class='ocrx_word' id='word_1_80' title='bbox 560 659 622 680; x_wconf 90' lang='lat' dir='ltr'><strong>non</strong></span> <span class='ocrx_word' id='word_1_81' title='bbox 646 649 870 690; x_wconf 80' lang='lat' dir='ltr'><strong>involucratis,</strong></span> <span class='ocrx_word' id='word_1_82' title='bbox 895 650 1041 681; x_wconf 77' lang='lat' dir='ltr'><strong>soliorum</strong></span> <span class='ocrx_word' id='word_1_83' title='bbox 1067 649 1263 680; x_wconf 86' lang='lat' dir='ltr'><strong>caulinorum</strong></span> <span class='ocrx_word' id='word_1_84' title='bbox 1294 650 1420 681; x_wconf 88' lang='lat' dir='ltr'><strong>laciniis</strong></span> <span class='ocrx_word' id='word_1_85' title='bbox 1450 650 1636 681; x_wconf 81' lang='lat' dir='ltr'><strong>lateralibus</strong></span> <span class='ocrx_word' id='word_1_86' title='bbox 1668 649 1841 681; x_wconf 89' lang='lat' dir='ltr'><strong>minoribus</strong></span> <span class='ocrx_word' id='word_1_87' title='bbox 1872 652 1903 679; x_wconf 85' lang='lat' dir='ltr'><strong>ct</strong></span> <span class='ocrx_word' id='word_1_88' title='bbox 1925 658 2004 689; x_wconf 85' lang='lat' dir='ltr'><strong>pau-</strong></span> 
     </span>
     <span class='ocr_line' id='line_1_10' title="bbox 378 699 1470 741; baseline 0 -9"><span class='ocrx_word' id='word_1_89' title='bbox 378 701 515 732; x_wconf 87' lang='lat' dir='ltr'><strong>cioribus</strong></span> <span class='ocrx_word' id='word_1_90' title='bbox 540 704 669 741; x_wconf 85' lang='lat' dir='ltr'><strong>totaque</strong></span> <span class='ocrx_word' id='word_1_91' title='bbox 693 700 916 741; x_wconf 80' lang='lat' dir='ltr'><strong>pubescentia,</strong></span> <span class='ocrx_word' id='word_1_92' title='bbox 942 701 975 731; x_wconf 87' lang='lat' dir='ltr'><strong>in</strong></span> <span class='ocrx_word' id='word_1_93' title='bbox 998 699 1037 730; x_wconf 88' lang='lat' dir='ltr'><strong><em>G.</em></strong></span> <span class='ocrx_word' id='word_1_94' title='bbox 1059 701 1257 731; x_wconf 35' lang='lat' dir='ltr'><strong>&#39;involucrum</strong></span> <span class='ocrx_word' id='word_1_95' title='bbox 1278 702 1373 741; x_wconf 81' lang='lat' dir='ltr'><strong>longe</strong></span> <span class='ocrx_word' id='word_1_96' title='bbox 1397 701 1470 733; x_wconf 87' lang='lat' dir='ltr'><strong>alia.</strong></span> 
     </span>
    </p>
   </div>
   <div class='ocr_carea' id='block_1_4' title="bbox 377 760 2005 854">
    <p class='ocr_par' dir='ltr' id='par_1_4' title="bbox 377 760 2005 854">
     <span class='ocr_line' id='line_1_11' title="bbox 530 760 2005 802; baseline -0.001 -10"><span class='ocrx_word' id='word_1_97' title='bbox 530 763 601 793; x_wconf 76' lang='lat' dir='ltr'><strong>Obs.</strong></span> <span class='ocrx_word' id='word_1_98' title='bbox 627 762 656 793; x_wconf 74' lang='lat'><strong>2.</strong></span> <span class='ocrx_word' id='word_1_99' title='bbox 702 762 730 793; x_wconf 90' lang='lat' dir='ltr'>A</span> <span class='ocrx_word' id='word_1_100' title='bbox 754 761 818 792; x_wconf 82' lang='lat' dir='ltr'><strong>Geo</strong></span> <span class='ocrx_word' id='word_1_101' title='bbox 843 761 1050 801; x_wconf 69' lang='lat' dir='ltr'><strong>mayellanico</strong></span> <span class='ocrx_word' id='word_1_102' title='bbox 1074 761 1159 791; x_wconf 86' lang='lat' dir='ltr'><strong>clarc</strong></span> <span class='ocrx_word' id='word_1_103' title='bbox 1185 760 1291 792; x_wconf 84' lang='lat' dir='ltr'><strong>differt</strong></span> <span class='ocrx_word' id='word_1_104' title='bbox 1314 762 1440 793; x_wconf 86' lang='lat' dir='ltr'><strong>laciniis</strong></span> <span class='ocrx_word' id='word_1_105' title='bbox 1464 762 1619 802; x_wconf 86' lang='lat' dir='ltr'><strong>calycinis</strong></span> <span class='ocrx_word' id='word_1_106' title='bbox 1645 771 1706 792; x_wconf 89' lang='lat' dir='ltr'><strong>non</strong></span> <span class='ocrx_word' id='word_1_107' title='bbox 1726 760 1931 800; x_wconf 86' lang='lat' dir='ltr'><strong>acuminatis,</strong></span> <span class='ocrx_word' id='word_1_108' title='bbox 1950 769 2005 800; x_wconf 87' lang='lat' dir='ltr'><strong>pe-</strong></span> 
     </span>
     <span class='ocr_line' id='line_1_12' title="bbox 377 812 1399 854; baseline 0.001 -10"><span class='ocrx_word' id='word_1_109' title='bbox 377 814 451 845; x_wconf 83' lang='lat' dir='ltr'><strong>talis</strong></span> <span class='ocrx_word' id='word_1_110' title='bbox 477 813 575 854; x_wconf 88' lang='lat' dir='ltr'><strong>albis,</strong></span> <span class='ocrx_word' id='word_1_111' title='bbox 601 813 764 854; x_wconf 80' lang='lat' dir='ltr'><strong>oblongis,</strong></span> <span class='ocrx_word' id='word_1_112' title='bbox 790 816 976 845; x_wconf 79' lang='lat' dir='ltr'><strong>constanter</strong></span> <span class='ocrx_word' id='word_1_113' title='bbox 1000 812 1102 843; x_wconf 89' lang='lat' dir='ltr'><strong>niveis</strong></span> <span class='ocrx_word' id='word_1_114' title='bbox 1127 816 1255 853; x_wconf 88' lang='lat' dir='ltr'><strong>totoque</strong></span> <span class='ocrx_word' id='word_1_115' title='bbox 1279 812 1399 845; x_wconf 86' lang='lat' dir='ltr'><strong>habitu.</strong></span> 
     </span>
    </p>
   </div>
   <div class='ocr_carea' id='block_1_5' title="bbox 378 990 2004 1120">
    <p class='ocr_par' dir='ltr' id='par_1_5' title="bbox 378 990 2004 1120">
     <span class='ocr_line' id='line_1_13' title="bbox 836 990 1537 1028; baseline 0 0"><span class='ocrx_word' id='word_1_116' title='bbox 836 992 942 1028; x_wconf 82' lang='lat' dir='ltr'><strong>SECT.</strong></span> <span class='ocrx_word' id='word_1_117' title='bbox 971 991 1034 1027; x_wconf 89' lang='lat' dir='ltr'><strong>IV.</strong></span> <span class='ocrx_word' id='word_1_118' title='bbox 1088 990 1537 1028; x_wconf 85' lang='lat' dir='ltr'><strong>CARYOPHYLLATA</strong></span> 
     </span>
     <span class='ocr_line' id='line_1_14' title="bbox 378 1076 2004 1120; baseline -0.002 -9"><span class='ocrx_word' id='word_1_119' title='bbox 378 1079 530 1111; x_wconf 89' lang='lat' dir='ltr'><strong>Tournef.</strong></span> <span class='ocrx_word' id='word_1_120' title='bbox 554 1080 673 1119; x_wconf 89' lang='lat' dir='ltr'><strong>Instit.,</strong></span> <span class='ocrx_word' id='word_1_121' title='bbox 698 1083 720 1110; x_wconf 89' lang='lat' dir='ltr'><strong>t.</strong></span> <span class='ocrx_word' id='word_1_122' title='bbox 747 1080 817 1110; x_wconf 79' lang='lat'><strong>151.</strong></span> <span class='ocrx_word' id='word_1_123' title='bbox 837 1097 879 1101; x_wconf 93' lang='lat'>—</span> <span class='ocrx_word' id='word_1_124' title='bbox 900 1077 1036 1117; x_wconf 76' lang='lat' dir='ltr'><strong>Sel-inge</strong></span> <span class='ocrx_word' id='word_1_125' title='bbox 1057 1077 1088 1108; x_wconf 88' lang='lat' dir='ltr'><strong>iu</strong></span> <span class='ocrx_word' id='word_1_126' title='bbox 1108 1078 1186 1109; x_wconf 89' lang='lat' dir='ltr'><strong>Dec.</strong></span> <span class='ocrx_word' id='word_1_127' title='bbox 1204 1078 1316 1109; x_wconf 88' lang='lat' dir='ltr'><strong>Prodr.</strong></span> <span class='ocrx_word' id='word_1_128' title='bbox 1335 1081 1366 1109; x_wconf 87' lang='lat' dir='ltr'><strong>et</strong></span> <span class='ocrx_word' id='word_1_129' title='bbox 1383 1078 1414 1109; x_wconf 89' lang='lat' dir='ltr'><strong>in</strong></span> <span class='ocrx_word' id='word_1_130' title='bbox 1433 1078 1525 1110; x_wconf 81' lang='lat' dir='ltr'><strong>Mem.</strong></span> <span class='ocrx_word' id='word_1_131' title='bbox 1544 1088 1607 1110; x_wconf 89' lang='lat' dir='ltr'><strong>soc.</strong></span> <span class='ocrx_word' id='word_1_132' title='bbox 1626 1078 1720 1120; x_wconf 85' lang='lat' dir='ltr'><strong>phys.</strong></span> <span class='ocrx_word' id='word_1_133' title='bbox 1739 1087 1811 1119; x_wconf 83' lang='lat' dir='ltr'><strong>gen.</strong></span> <span class='ocrx_word' id='word_1_134' title='bbox 1828 1078 1861 1116; x_wconf 79' lang='lat'><strong>2,</strong></span> <span class='ocrx_word' id='word_1_135' title='bbox 1881 1087 1911 1118; x_wconf 88' lang='lat' dir='ltr'><strong>p.</strong></span> <span class='ocrx_word' id='word_1_136' title='bbox 1934 1076 2004 1108; x_wconf 81' lang='lat'><strong>139.</strong></span> 
     </span>
    </p>
   </div>
   <div class='ocr_carea' id='block_1_6' title="bbox 375 1172 2004 1401">
    <p class='ocr_par' dir='ltr' id='par_1_6' title="bbox 375 1172 2004 1401">
     <span class='ocr_line' id='line_1_15' title="bbox 530 1172 2004 1222; baseline -0.003 -11"><span class='ocrx_word' id='word_1_137' title='bbox 530 1174 649 1222; x_wconf 76' lang='lat' dir='ltr'><strong>Calyx</strong></span> <span class='ocrx_word' id='word_1_138' title='bbox 676 1172 1091 1220; x_wconf 80' lang='lat' dir='ltr'><strong>quinquebraeteolatus,</strong></span> <span class='ocrx_word' id='word_1_139' title='bbox 1122 1176 1262 1208; x_wconf 85' lang='lat' dir='ltr'><strong>erectus</strong></span> <span class='ocrx_word' id='word_1_140' title='bbox 1290 1173 1347 1208; x_wconf 87' lang='lat' dir='ltr'><strong>vel</strong></span> <span class='ocrx_word' id='word_1_141' title='bbox 1384 1173 1675 1220; x_wconf 85' lang='lat' dir='ltr'><strong>erecto-patulus.</strong></span> <span class='ocrx_word' id='word_1_142' title='bbox 1731 1172 2004 1219; x_wconf 80' lang='lat' dir='ltr'><strong>Carpophorum</strong></span> 
     </span>
     <span class='ocr_line' id='line_1_16' title="bbox 375 1231 2004 1281; baseline -0.002 -11"><span class='ocrx_word' id='word_1_143' title='bbox 375 1236 484 1281; x_wconf 78' lang='lat' dir='ltr'><strong>longe</strong></span> <span class='ocrx_word' id='word_1_144' title='bbox 513 1234 708 1281; x_wconf 82' lang='lat' dir='ltr'><strong>stipitatum</strong></span> <span class='ocrx_word' id='word_1_145' title='bbox 735 1232 855 1279; x_wconf 84' lang='lat' dir='ltr'><strong>stipite</strong></span> <span class='ocrx_word' id='word_1_146' title='bbox 884 1236 1036 1267; x_wconf 84' lang='lat' dir='ltr'><strong>exserto.</strong></span> <span class='ocrx_word' id='word_1_147' title='bbox 1092 1232 1182 1279; x_wconf 80' lang='lat' dir='ltr'><strong>Styli</strong></span> <span class='ocrx_word' id='word_1_148' title='bbox 1212 1232 1610 1278; x_wconf 80' lang='lat' dir='ltr'><strong>annulato-geniculati,</strong></span> <span class='ocrx_word' id='word_1_149' title='bbox 1638 1232 1833 1277; x_wconf 79' lang='lat' dir='ltr'><strong>articulati3</strong></span> <span class='ocrx_word' id='word_1_150' title='bbox 1854 1231 2004 1267; x_wconf 84' lang='lat' dir='ltr'><strong>articulo</strong></span> 
     </span>
     <span class='ocr_line' id='line_1_17' title="bbox 376 1291 2004 1339; baseline -0.002 -9"><span class='ocrx_word' id='word_1_151' title='bbox 376 1294 543 1330; x_wconf 84' lang='lat' dir='ltr'><strong>inferiore</strong></span> <span class='ocrx_word' id='word_1_152' title='bbox 572 1293 608 1328; x_wconf 86' lang='lat' dir='ltr'><strong>in</strong></span> <span class='ocrx_word' id='word_1_153' title='bbox 635 1293 751 1328; x_wconf 87' lang='lat' dir='ltr'><strong>fructu</strong></span> <span class='ocrx_word' id='word_1_154' title='bbox 779 1291 1008 1338; x_wconf 75' lang='lat' dir='ltr'><strong>persistente,</strong></span> <span class='ocrx_word' id='word_1_155' title='bbox 1036 1291 1140 1338; x_wconf 82' lang='lat' dir='ltr'><strong>apice</strong></span> <span class='ocrx_word' id='word_1_156' title='bbox 1168 1292 1328 1335; x_wconf 80' lang='lat' dir='ltr'><strong>hamato,</strong></span> <span class='ocrx_word' id='word_1_157' title='bbox 1354 1292 1538 1338; x_wconf 86' lang='lat' dir='ltr'><strong>superiore</strong></span> <span class='ocrx_word' id='word_1_158' title='bbox 1559 1292 1708 1328; x_wconf 81' lang='lat' dir='ltr'><strong>deciduo</strong></span> <span class='ocrx_word' id='word_1_159' title='bbox 1734 1292 1785 1339; x_wconf 85' lang='lat' dir='ltr'><strong>(iu</strong></span> <span class='ocrx_word' id='word_1_160' title='bbox 1809 1292 1854 1327; x_wconf 86' lang='lat' dir='ltr'><strong><em>G.</em></strong></span> <span class='ocrx_word' id='word_1_161' title='bbox 1868 1292 2004 1339; x_wconf 73' lang='lat' dir='ltr'><strong>pallido</strong></span> 
     </span>
     <span class='ocr_line' id='line_1_18' title="bbox 376 1351 1533 1401; baseline -0.002 -12"><span class='ocrx_word' id='word_1_162' title='bbox 376 1353 618 1401; x_wconf 80' lang='lat' dir='ltr'><strong>persistente).</strong></span> <span class='ocrx_word' id='word_1_163' title='bbox 674 1352 802 1387; x_wconf 86' lang='lat' dir='ltr'><strong>Florcs</strong></span> <span class='ocrx_word' id='word_1_164' title='bbox 831 1351 1087 1398; x_wconf 83' lang='lat' dir='ltr'><strong>campanulati,</strong></span> <span class='ocrx_word' id='word_1_165' title='bbox 1117 1351 1327 1398; x_wconf 85' lang='lat' dir='ltr'><strong>plerumque</strong></span> <span class='ocrx_word' id='word_1_166' title='bbox 1354 1356 1533 1387; x_wconf 83' lang='lat' dir='ltr'><strong>nutantes.</strong></span> 
     </span>
    </p>
   </div>
   <div class='ocr_carea' id='block_1_7' title="bbox 375 1436 2006 1687">
    <p class='ocr_par' dir='ltr' id='par_1_7' title="bbox 375 1436 2006 1687">
     <span class='ocr_line' id='line_1_19' title="bbox 525 1436 2003 1478; baseline 0 -8"><span class='ocrx_word' id='word_1_167' title='bbox 525 1438 576 1470; x_wconf 82' lang='lat' dir='ltr'><strong>Ad</strong></span> <span class='ocrx_word' id='word_1_168' title='bbox 605 1438 688 1470; x_wconf 86' lang='lat' dir='ltr'><strong>hanc</strong></span> <span class='ocrx_word' id='word_1_169' title='bbox 720 1438 893 1469; x_wconf 85' lang='lat' dir='ltr'><strong>sectionem</strong></span> <span class='ocrx_word' id='word_1_170' title='bbox 924 1437 1117 1468; x_wconf 86' lang='lat' dir='ltr'><strong>referuntur:</strong></span> <span class='ocrx_word' id='word_1_171' title='bbox 1153 1436 1193 1468; x_wconf 98' lang='lat' dir='ltr'><strong><em>G.</em></strong></span> <span class='ocrx_word' id='word_1_172' title='bbox 1217 1441 1353 1473; x_wconf 67' lang='lat' dir='ltr'><strong>nutans,</strong></span> <span class='ocrx_word' id='word_1_173' title='bbox 1382 1436 1421 1468; x_wconf 88' lang='lat' dir='ltr'><strong><em>G.</em></strong></span> <span class='ocrx_word' id='word_1_174' title='bbox 1446 1438 1561 1477; x_wconf 73' lang='lat' dir='ltr'><strong>rivale,</strong></span> <span class='ocrx_word' id='word_1_175' title='bbox 1595 1437 1633 1468; x_wconf 88' lang='lat' dir='ltr'><strong>G.</strong></span> <span class='ocrx_word' id='word_1_176' title='bbox 1653 1438 1815 1478; x_wconf 73' lang='lat' dir='ltr'><strong>pallidum</strong></span> <span class='ocrx_word' id='word_1_177' title='bbox 1844 1441 1940 1478; x_wconf 87' lang='lat' dir='ltr'><strong>atque</strong></span> <span class='ocrx_word' id='word_1_178' title='bbox 1964 1438 2003 1470; x_wconf 94' lang='lat' dir='ltr'><strong>G.</strong></span> 
     </span>
     <span class='ocr_line' id='line_1_20' title="bbox 375 1488 2006 1532; baseline -0.001 -10"><span class='ocrx_word' id='word_1_179' title='bbox 375 1492 609 1532; x_wconf 53' lang='lat' dir='ltr'><strong>amicula-tunm</strong></span> <span class='ocrx_word' id='word_1_180' title='bbox 635 1491 732 1521; x_wconf 78' lang='lat' dir='ltr'><strong>etiam</strong></span> <span class='ocrx_word' id='word_1_181' title='bbox 755 1490 826 1520; x_wconf 81' lang='lat' dir='ltr'><strong>duae</strong></span> <span class='ocrx_word' id='word_1_182' title='bbox 851 1488 978 1529; x_wconf 80' lang='lat' dir='ltr'><strong>species</strong></span> <span class='ocrx_word' id='word_1_183' title='bbox 1002 1489 1106 1519; x_wconf 84' lang='lat' dir='ltr'><strong>minus</strong></span> <span class='ocrx_word' id='word_1_184' title='bbox 1131 1488 1267 1528; x_wconf 62' lang='lat' dir='ltr'><strong>cognita}</strong></span> <span class='ocrx_word' id='word_1_185' title='bbox 1290 1489 1330 1519; x_wconf 78' lang='lat' dir='ltr'><strong><em>G.</em></strong></span> <span class='ocrx_word' id='word_1_186' title='bbox 1348 1490 1531 1519; x_wconf 71' lang='lat' dir='ltr'><strong>umbrosum</strong></span> <span class='ocrx_word' id='word_1_187' title='bbox 1555 1491 1587 1519; x_wconf 84' lang='lat' dir='ltr'><strong>et</strong></span> <span class='ocrx_word' id='word_1_188' title='bbox 1610 1488 1649 1519; x_wconf 85' lang='lat' dir='ltr'><strong><em>G.</em></strong></span> <span class='ocrx_word' id='word_1_189' title='bbox 1667 1489 1819 1528; x_wconf 73' lang='lat' dir='ltr'><strong>incisum,</strong></span> <span class='ocrx_word' id='word_1_190' title='bbox 1837 1499 1907 1529; x_wconf 82' lang='lat' dir='ltr'><strong>quae</strong></span> <span class='ocrx_word' id='word_1_191' title='bbox 1923 1489 2006 1521; x_wconf 82' lang='lat' dir='ltr'><strong>infra</strong></span> 
     </span>
     <span class='ocr_line' id='line_1_21' title="bbox 377 1539 2005 1582; baseline -0.001 -8"><span class='ocrx_word' id='word_1_192' title='bbox 377 1543 599 1574; x_wconf 82' lang='lat' dir='ltr'><strong>describentur</strong></span> <span class='ocrx_word' id='word_1_193' title='bbox 622 1542 704 1573; x_wconf 88' lang='lat' dir='ltr'><strong>inter</strong></span> <span class='ocrx_word' id='word_1_194' title='bbox 729 1541 856 1582; x_wconf 88' lang='lat' dir='ltr'><strong>species</strong></span> <span class='ocrx_word' id='word_1_195' title='bbox 880 1540 984 1571; x_wconf 90' lang='lat' dir='ltr'><strong>minus</strong></span> <span class='ocrx_word' id='word_1_196' title='bbox 1010 1540 1165 1579; x_wconf 82' lang='lat' dir='ltr'><strong>cognitas.</strong></span> <span class='ocrx_word' id='word_1_197' title='bbox 1191 1558 1233 1562; x_wconf 85' lang='grc'>-</span> <span class='ocrx_word' id='word_1_198' title='bbox 1256 1539 1357 1570; x_wconf 75' lang='lat' dir='ltr'><strong>Geum</strong></span> <span class='ocrx_word' id='word_1_199' title='bbox 1380 1540 1496 1580; x_wconf 72' lang='lat' dir='ltr'><strong>rivale,</strong></span> <span class='ocrx_word' id='word_1_200' title='bbox 1521 1539 1560 1570; x_wconf 86' lang='lat' dir='ltr'><strong>ab</strong></span> <span class='ocrx_word' id='word_1_201' title='bbox 1593 1540 1825 1579; x_wconf 79' lang='lat' dir='ltr'><strong>antiquissimis</strong></span> <span class='ocrx_word' id='word_1_202' title='bbox 1855 1542 2005 1582; x_wconf 87' lang='lat' dir='ltr'><strong>tempori-</strong></span> 
     </span>
     <span class='ocr_line' id='line_1_22' title="bbox 378 1590 2005 1635; baseline -0.001 -8"><span class='ocrx_word' id='word_1_203' title='bbox 378 1595 435 1627; x_wconf 89' lang='lat' dir='ltr'><strong>bus</strong></span> <span class='ocrx_word' id='word_1_204' title='bbox 461 1595 636 1635; x_wconf 79' lang='lat' dir='ltr'><strong>cognitum,</strong></span> <span class='ocrx_word' id='word_1_205' title='bbox 662 1597 712 1625; x_wconf 87' lang='lat' dir='ltr'><strong>est</strong></span> <span class='ocrx_word' id='word_1_206' title='bbox 734 1592 911 1634; x_wconf 79' lang='lat' dir='ltr'><strong>proximum</strong></span> <span class='ocrx_word' id='word_1_207' title='bbox 935 1590 973 1622; x_wconf 88' lang='lat' dir='ltr'><strong>G.</strong></span> <span class='ocrx_word' id='word_1_208' title='bbox 996 1592 1137 1622; x_wconf 72' lang='lat' dir='ltr'><strong>nutanti.</strong></span> <span class='ocrx_word' id='word_1_209' title='bbox 1184 1591 1310 1622; x_wconf 72' lang='lat' dir='ltr'><strong>Eximia</strong></span> <span class='ocrx_word' id='word_1_210' title='bbox 1339 1591 1466 1632; x_wconf 88' lang='lat' dir='ltr'><strong>species</strong></span> <span class='ocrx_word' id='word_1_211' title='bbox 1492 1595 1542 1622; x_wconf 88' lang='lat' dir='ltr'><strong>est</strong></span> <span class='ocrx_word' id='word_1_212' title='bbox 1565 1590 1603 1621; x_wconf 90' lang='lat' dir='ltr'><strong>G.</strong></span> <span class='ocrx_word' id='word_1_213' title='bbox 1624 1592 1856 1632; x_wconf 73' lang='lat' dir='ltr'><strong>yeniezdatum,</strong></span> <span class='ocrx_word' id='word_1_214' title='bbox 1877 1593 1962 1633; x_wconf 90' lang='lat' dir='ltr'><strong>quod</strong></span> <span class='ocrx_word' id='word_1_215' title='bbox 1985 1604 2005 1625; x_wconf 86' lang='lat' dir='ltr'><strong>a</strong></span> 
     </span>
     <span class='ocr_line' id='line_1_23' title="bbox 380 1642 1201 1687; baseline -0.006 -9"><span class='ocrx_word' id='word_1_216' title='bbox 380 1647 496 1679; x_wconf 89' lang='lat' dir='ltr'><strong>ceteris</strong></span> <span class='ocrx_word' id='word_1_217' title='bbox 521 1644 785 1687; x_wconf 85' lang='lat' dir='ltr'><strong>Caryophyllatis</strong></span> <span class='ocrx_word' id='word_1_218' title='bbox 811 1643 891 1674; x_wconf 89' lang='lat' dir='ltr'><strong>satis</strong></span> <span class='ocrx_word' id='word_1_219' title='bbox 916 1642 1044 1674; x_wconf 85' lang='lat' dir='ltr'><strong>differre</strong></span> <span class='ocrx_word' id='word_1_220' title='bbox 1066 1642 1201 1674; x_wconf 85' lang='lat' dir='ltr'><strong>videtur.</strong></span> 
     </span>
    </p>
   </div>
   <div class='ocr_carea' id='block_1_8' title="bbox 379 1756 2006 2162">
    <p class='ocr_par' dir='ltr' id='par_1_8' title="bbox 379 1756 2006 2162">
     <span class='ocr_line' id='line_1_24' title="bbox 379 1756 2004 1803; baseline -0.002 -7"><span class='ocrx_word' id='word_1_221' title='bbox 379 1762 433 1796; x_wconf 79' lang='lat'><strong>18.</strong></span> <span class='ocrx_word' id='word_1_222' title='bbox 477 1758 608 1795; x_wconf 77' lang='lat' dir='ltr'><strong><em>GEUM</em></strong></span> <span class='ocrx_word' id='word_1_223' title='bbox 640 1767 664 1793; x_wconf 87' lang='lat' dir='ltr'>N</span> <span class='ocrx_word' id='word_1_224' title='bbox 672 1765 811 1794; x_wconf 82' lang='lat' dir='ltr'>UTANS</span> <span class='ocrx_word' id='word_1_225' title='bbox 841 1757 973 1803; x_wconf 81' lang='lat' dir='ltr'><strong>(Lam.)</strong></span> <span class='ocrx_word' id='word_1_226' title='bbox 1002 1756 1097 1792; x_wconf 87' lang='lat' dir='ltr'><strong>foliis</strong></span> <span class='ocrx_word' id='word_1_227' title='bbox 1125 1756 1343 1792; x_wconf 81' lang='lat' dir='ltr'><strong>radicalibus</strong></span> <span class='ocrx_word' id='word_1_228' title='bbox 1371 1756 1567 1803; x_wconf 85' lang='lat' dir='ltr'><strong>interrupte</strong></span> <span class='ocrx_word' id='word_1_229' title='bbox 1594 1756 1890 1803; x_wconf 85' lang='lat' dir='ltr'><strong>pinnatipartitis,</strong></span> <span class='ocrx_word' id='word_1_230' title='bbox 1919 1757 2004 1793; x_wconf 83' lang='lat' dir='ltr'><strong>laci-</strong></span> 
     </span>
     <span class='ocr_line' id='line_1_25' title="bbox 477 1815 2004 1864; baseline -0.001 -9"><span class='ocrx_word' id='word_1_231' title='bbox 477 1819 547 1854; x_wconf 90' lang='lat' dir='ltr'><strong>niis</strong></span> <span class='ocrx_word' id='word_1_232' title='bbox 576 1816 863 1863; x_wconf 78' lang='lat' dir='ltr'><strong>subaequalibus,</strong></span> <span class='ocrx_word' id='word_1_233' title='bbox 890 1815 986 1850; x_wconf 88' lang='lat' dir='ltr'><strong>foliis</strong></span> <span class='ocrx_word' id='word_1_234' title='bbox 1006 1815 1156 1852; x_wconf 85' lang='lat' dir='ltr'><strong>caulinis</strong></span> <span class='ocrx_word' id='word_1_235' title='bbox 1176 1815 1475 1862; x_wconf 69' lang='lat' dir='ltr'><strong>pinnafflpartitis,</strong></span> <span class='ocrx_word' id='word_1_236' title='bbox 1502 1816 1632 1862; x_wconf 84' lang='lat' dir='ltr'><strong>petalis</strong></span> <span class='ocrx_word' id='word_1_237' title='bbox 1651 1815 1755 1851; x_wconf 80' lang='lat' dir='ltr'><strong>flavis</strong></span> <span class='ocrx_word' id='word_1_238' title='bbox 1775 1816 1921 1861; x_wconf 82' lang='lat' dir='ltr'><strong>retusis,</strong></span> <span class='ocrx_word' id='word_1_239' title='bbox 1942 1829 2004 1864; x_wconf 83' lang='lat' dir='ltr'><strong>pa-</strong></span> 
     </span>
     <span class='ocr_line' id='line_1_26' title="bbox 477 1874 2004 1924; baseline -0.001 -10"><span class='ocrx_word' id='word_1_240' title='bbox 477 1878 576 1922; x_wconf 88' lang='lat' dir='ltr'><strong>tulis,</strong></span> <span class='ocrx_word' id='word_1_241' title='bbox 613 1877 738 1924; x_wconf 83' lang='lat' dir='ltr'><strong>calyce</strong></span> <span class='ocrx_word' id='word_1_242' title='bbox 774 1879 1057 1922; x_wconf 86' lang='lat' dir='ltr'><strong>purpurasceute</strong></span> <span class='ocrx_word' id='word_1_243' title='bbox 1092 1874 1334 1920; x_wconf 83' lang='lat' dir='ltr'><strong>longioribus,</strong></span> <span class='ocrx_word' id='word_1_244' title='bbox 1371 1874 1504 1910; x_wconf 85' lang='lat' dir='ltr'><strong>sensim</strong></span> <span class='ocrx_word' id='word_1_245' title='bbox 1539 1875 1742 1921; x_wconf 82' lang='lat' dir='ltr'><strong>angustatis</strong></span> <span class='ocrx_word' id='word_1_246' title='bbox 1777 1874 1813 1910; x_wconf 88' lang='lat' dir='ltr'><strong>in</strong></span> <span class='ocrx_word' id='word_1_247' title='bbox 1847 1886 2004 1922; x_wconf 81' lang='lat' dir='ltr'><strong>unguem</strong></span> 
     </span>
     <span class='ocr_line' id='line_1_27' title="bbox 476 1933 2004 1982; baseline -0.001 -9"><span class='ocrx_word' id='word_1_248' title='bbox 476 1937 611 1972; x_wconf 84' lang='lat' dir='ltr'><strong>lamina.</strong></span> <span class='ocrx_word' id='word_1_249' title='bbox 638 1935 747 1971; x_wconf 86' lang='lat' dir='ltr'><strong>multo</strong></span> <span class='ocrx_word' id='word_1_250' title='bbox 774 1934 993 1979; x_wconf 81' lang='lat' dir='ltr'><strong>breviorem3</strong></span> <span class='ocrx_word' id='word_1_251' title='bbox 1018 1934 1187 1980; x_wconf 83' lang='lat' dir='ltr'><strong>carpellis</strong></span> <span class='ocrx_word' id='word_1_252' title='bbox 1215 1933 1378 1978; x_wconf 87' lang='lat' dir='ltr'><strong>hirsutis,</strong></span> <span class='ocrx_word' id='word_1_253' title='bbox 1408 1935 1493 1982; x_wconf 80' lang='lat' dir='ltr'><strong>styli</strong></span> <span class='ocrx_word' id='word_1_254' title='bbox 1518 1934 1668 1969; x_wconf 82' lang='lat' dir='ltr'><strong>articulo</strong></span> <span class='ocrx_word' id='word_1_255' title='bbox 1697 1934 1880 1981; x_wconf 88' lang='lat' dir='ltr'><strong>superiore</strong></span> <span class='ocrx_word' id='word_1_256' title='bbox 1900 1937 2004 1982; x_wconf 73' lang='lat' dir='ltr'><strong>Juve-</strong></span> 
     </span>
     <span class='ocr_line' id='line_1_28' title="bbox 477 1993 2006 2040; baseline -0.001 -8"><span class='ocrx_word' id='word_1_257' title='bbox 477 1996 540 2031; x_wconf 91' lang='lat' dir='ltr'><strong>nili</strong></span> <span class='ocrx_word' id='word_1_258' title='bbox 568 1996 629 2031; x_wconf 74' lang='lat' dir='ltr'><strong>vix</strong></span> <span class='ocrx_word' id='word_1_259' title='bbox 656 1994 811 2030; x_wconf 87' lang='lat' dir='ltr'><strong>medium</strong></span> <span class='ocrx_word' id='word_1_260' title='bbox 840 2005 953 2039; x_wconf 87' lang='lat' dir='ltr'><strong>usque</strong></span> <span class='ocrx_word' id='word_1_261' title='bbox 982 1993 1156 2040; x_wconf 86' lang='lat' dir='ltr'><strong>adpresse</strong></span> <span class='ocrx_word' id='word_1_262' title='bbox 1184 1993 1354 2040; x_wconf 88' lang='lat' dir='ltr'><strong>pilosulo;</strong></span> <span class='ocrx_word' id='word_1_263' title='bbox 1391 1993 1475 2040; x_wconf 88' lang='lat' dir='ltr'><strong>styli</strong></span> <span class='ocrx_word' id='word_1_264' title='bbox 1506 1994 1655 2029; x_wconf 85' lang='lat' dir='ltr'><strong>articulo</strong></span> <span class='ocrx_word' id='word_1_265' title='bbox 1690 1993 1859 2028; x_wconf 83' lang='lat' dir='ltr'><strong>inferiore</strong></span> <span class='ocrx_word' id='word_1_266' title='bbox 1888 1994 2006 2040; x_wconf 82' lang='lat' dir='ltr'><strong>longi-</strong></span> 
     </span>
     <span class='ocr_line' id='line_1_29' title="bbox 476 2052 2006 2101; baseline -0.003 -10"><span class='ocrx_word' id='word_1_267' title='bbox 476 2055 597 2091; x_wconf 85' lang='lat' dir='ltr'><strong>tudine</strong></span> <span class='ocrx_word' id='word_1_268' title='bbox 626 2054 821 2101; x_wconf 83' lang='lat' dir='ltr'><strong>carpellum</strong></span> <span class='ocrx_word' id='word_1_269' title='bbox 851 2052 1107 2099; x_wconf 86' lang='lat' dir='ltr'><strong>articulumque</strong></span> <span class='ocrx_word' id='word_1_270' title='bbox 1136 2052 1357 2099; x_wconf 86' lang='lat' dir='ltr'><strong>superiorem</strong></span> <span class='ocrx_word' id='word_1_271' title='bbox 1382 2053 1584 2100; x_wconf 87' lang='lat' dir='ltr'><strong>plumosum</strong></span> <span class='ocrx_word' id='word_1_272' title='bbox 1616 2054 1661 2101; x_wconf 56' lang='lat'><strong>1}</strong></span> <span class='ocrx_word' id='word_1_273' title='bbox 1690 2052 1901 2098; x_wconf 77' lang='lat' dir='ltr'><strong>excedente3</strong></span> <span class='ocrx_word' id='word_1_274' title='bbox 1929 2064 2006 2088; x_wconf 83' lang='lat' dir='ltr'><strong>car-</strong></span> 
     </span>
     <span class='ocr_line' id='line_1_30' title="bbox 477 2112 974 2162; baseline -0.006 -12"><span class='ocrx_word' id='word_1_275' title='bbox 477 2114 639 2162; x_wconf 90' lang='lat' dir='ltr'><strong>pophoro</strong></span> <span class='ocrx_word' id='word_1_276' title='bbox 666 2113 776 2159; x_wconf 85' lang='lat' dir='ltr'><strong>longe</strong></span> <span class='ocrx_word' id='word_1_277' title='bbox 805 2112 974 2159; x_wconf 82' lang='lat' dir='ltr'><strong>stipitato.</strong></span> 
     </span>
    </p>
   </div>
   <div class='ocr_carea' id='block_1_9' title="bbox 377 2199 2004 2397">
    <p class='ocr_par' dir='ltr' id='par_1_9' title="bbox 377 2199 2004 2290">
     <span class='ocr_line' id='line_1_31' title="bbox 377 2199 2004 2242; baseline -0.003 -9"><span class='ocrx_word' id='word_1_278' title='bbox 377 2206 452 2242; x_wconf 82' lang='lat' dir='ltr'><strong>Syn.</strong></span> <span class='ocrx_word' id='word_1_279' title='bbox 479 2202 519 2232; x_wconf 82' lang='lat' dir='ltr'><strong><em>G.</em></strong></span> <span class='ocrx_word' id='word_1_280' title='bbox 542 2207 651 2232; x_wconf 71' lang='lat' dir='ltr'><strong>nutans</strong></span> <span class='ocrx_word' id='word_1_281' title='bbox 674 2202 768 2230; x_wconf 81' lang='lat' dir='ltr'><strong>Fisch.</strong></span> <span class='ocrx_word' id='word_1_282' title='bbox 793 2204 821 2229; x_wconf 87' lang='lat' dir='ltr'><strong>et</strong></span> <span class='ocrx_word' id='word_1_283' title='bbox 845 2202 960 2229; x_wconf 85' lang='lat' dir='ltr'><strong>Trautv.</strong></span> <span class='ocrx_word' id='word_1_284' title='bbox 992 2200 1054 2228; x_wconf 80' lang='lat' dir='ltr'><strong>Iud.</strong></span> <span class='ocrx_word' id='word_1_285' title='bbox 1081 2209 1148 2227; x_wconf 87' lang='lat' dir='ltr'><strong>sem.</strong></span> <span class='ocrx_word' id='word_1_286' title='bbox 1175 2199 1247 2227; x_wconf 89' lang='lat' dir='ltr'><strong>horti</strong></span> <span class='ocrx_word' id='word_1_287' title='bbox 1272 2199 1385 2237; x_wconf 83' lang='lat' dir='ltr'><strong>Petrop.</strong></span> <span class='ocrx_word' id='word_1_288' title='bbox 1411 2200 1470 2232; x_wconf 88' lang='grc' dir='ltr'>ΙΙΙ,</span> <span class='ocrx_word' id='word_1_289' title='bbox 1496 2211 1522 2238; x_wconf 88' lang='lat' dir='ltr'><strong>p.</strong></span> <span class='ocrx_word' id='word_1_290' title='bbox 1542 2201 1580 2229; x_wconf 86' lang='lat'><strong>39</strong></span> <span class='ocrx_word' id='word_1_291' title='bbox 1606 2204 1634 2228; x_wconf 83' lang='lat' dir='ltr'><strong>et</strong></span> <span class='ocrx_word' id='word_1_292' title='bbox 1658 2201 1686 2228; x_wconf 91' lang='lat' dir='ltr'><strong>in</strong></span> <span class='ocrx_word' id='word_1_293' title='bbox 1711 2202 1797 2229; x_wconf 87' lang='lat' dir='ltr'><strong>Linn.</strong></span> <span class='ocrx_word' id='word_1_294' title='bbox 1821 2201 1894 2235; x_wconf 85' lang='lat' dir='ltr'><strong>XII,</strong></span> <span class='ocrx_word' id='word_1_295' title='bbox 1917 2211 1944 2239; x_wconf 89' lang='lat' dir='ltr'><strong>p.</strong></span> <span class='ocrx_word' id='word_1_296' title='bbox 1964 2202 2004 2230; x_wconf 79' lang='lat'><strong>98</strong></span> 
     </span>
     <span class='ocr_line' id='line_1_32' title="bbox 549 2251 2002 2290; baseline -0.001 -8"><span class='ocrx_word' id='word_1_297' title='bbox 549 2259 577 2282; x_wconf 88' lang='lat' dir='ltr'><strong>et</strong></span> <span class='ocrx_word' id='word_1_298' title='bbox 602 2255 671 2282; x_wconf 81' lang='lat'><strong>158.</strong></span> <span class='ocrx_word' id='word_1_299' title='bbox 698 2269 738 2273; x_wconf 85' lang='lat'>—</span> <span class='ocrx_word' id='word_1_300' title='bbox 763 2254 860 2290; x_wconf 83' lang='lat' dir='ltr'><strong>Meyer</strong></span> <span class='ocrx_word' id='word_1_301' title='bbox 890 2252 954 2280; x_wconf 82' lang='lat' dir='ltr'><strong>Iud.</strong></span> <span class='ocrx_word' id='word_1_302' title='bbox 983 2262 1051 2279; x_wconf 86' lang='lat' dir='ltr'><strong>sem.</strong></span> <span class='ocrx_word' id='word_1_303' title='bbox 1078 2251 1150 2278; x_wconf 81' lang='lat' dir='ltr'><strong>hort.</strong></span> <span class='ocrx_word' id='word_1_304' title='bbox 1174 2251 1288 2288; x_wconf 82' lang='lat' dir='ltr'><strong>Petrop.</strong></span> <span class='ocrx_word' id='word_1_305' title='bbox 1313 2251 1369 2284; x_wconf 91' lang='lat' dir='ltr'><strong>XI,</strong></span> <span class='ocrx_word' id='word_1_306' title='bbox 1395 2261 1422 2289; x_wconf 89' lang='lat' dir='ltr'><strong>p.</strong></span> <span class='ocrx_word' id='word_1_307' title='bbox 1442 2253 1492 2280; x_wconf 79' lang='lat'><strong>46.</strong></span> <span class='ocrx_word' id='word_1_308' title='bbox 1515 2267 1554 2271; x_wconf 62' lang='grc'><strong>»-</strong></span> <span class='ocrx_word' id='word_1_309' title='bbox 1582 2253 1705 2281; x_wconf 86' lang='lat' dir='ltr'><strong>Trattin.</strong></span> <span class='ocrx_word' id='word_1_310' title='bbox 1737 2253 1838 2281; x_wconf 84' lang='lat' dir='ltr'><strong>Rosac.</strong></span> <span class='ocrx_word' id='word_1_311' title='bbox 1868 2253 2002 2289; x_wconf 81' lang='lat' dir='ltr'><strong>Monogr.</strong></span> 
     </span>
    </p>

    <p class='ocr_par' dir='ltr' id='par_1_10' title="bbox 485 2302 2003 2397">
     <span class='ocr_line' id='line_1_33' title="bbox 550 2302 1266 2344; baseline -0.008 -9"><span class='ocrx_word' id='word_1_312' title='bbox 550 2307 583 2340; x_wconf 85' lang='lat'><strong>3,</strong></span> <span class='ocrx_word' id='word_1_313' title='bbox 609 2316 635 2344; x_wconf 90' lang='lat' dir='ltr'><strong>p.</strong></span> <span class='ocrx_word' id='word_1_314' title='bbox 667 2306 737 2333; x_wconf 76' lang='lat'><strong>123.</strong></span> <span class='ocrx_word' id='word_1_315' title='bbox 763 2321 803 2324; x_wconf 93' lang='lat'><strong>-—</strong></span> <span class='ocrx_word' id='word_1_316' title='bbox 827 2304 937 2342; x_wconf 82' lang='lat' dir='ltr'><strong>Walp.,</strong></span> <span class='ocrx_word' id='word_1_317' title='bbox 966 2304 1080 2341; x_wconf 82' lang='lat' dir='ltr'><strong>Repert.</strong></span> <span class='ocrx_word' id='word_1_318' title='bbox 1107 2303 1139 2336; x_wconf 72' lang='lat'><strong>2,</strong></span> <span class='ocrx_word' id='word_1_319' title='bbox 1164 2312 1190 2339; x_wconf 91' lang='lat' dir='ltr'><strong>p.</strong></span> <span class='ocrx_word' id='word_1_320' title='bbox 1215 2302 1266 2330; x_wconf 85' lang='lat'><strong>47.</strong></span> 
     </span>
     <span class='ocr_line' id='line_1_34' title="bbox 485 2353 2003 2397; baseline -0.006 -10"><span class='ocrx_word' id='word_1_321' title='bbox 485 2355 717 2397; x_wconf 66' lang='lat' dir='ltr'><strong>Ccm‘yophyllata</strong></span> <span class='ocrx_word' id='word_1_322' title='bbox 739 2360 847 2385; x_wconf 67' lang='lat' dir='ltr'><strong>metans</strong></span> <span class='ocrx_word' id='word_1_323' title='bbox 869 2356 950 2383; x_wconf 86' lang='lat' dir='ltr'><strong>Lam.</strong></span> <span class='ocrx_word' id='word_1_324' title='bbox 982 2354 1098 2392; x_wconf 83' lang='lat' dir='ltr'><strong>Encycl.</strong></span> <span class='ocrx_word' id='word_1_325' title='bbox 1124 2353 1210 2381; x_wconf 78' lang='lat' dir='ltr'><strong>me&#39;th.</strong></span> <span class='ocrx_word' id='word_1_326' title='bbox 1239 2355 1271 2387; x_wconf 92' lang='lat'><strong>1,</strong></span> <span class='ocrx_word' id='word_1_327' title='bbox 1298 2363 1326 2391; x_wconf 89' lang='lat' dir='ltr'><strong>p.</strong></span> <span class='ocrx_word' id='word_1_328' title='bbox 1352 2354 1429 2387; x_wconf 83' lang='lat'><strong>399,</strong></span> <span class='ocrx_word' id='word_1_329' title='bbox 1455 2354 1547 2392; x_wconf 83' lang='lat' dir='ltr'><strong>suppl.</strong></span> <span class='ocrx_word' id='word_1_330' title='bbox 1576 2356 1607 2388; x_wconf 86' lang='lat' dir='ltr'><strong>l,</strong></span> <span class='ocrx_word' id='word_1_331' title='bbox 1633 2365 1660 2393; x_wconf 87' lang='lat' dir='ltr'><strong>p.</strong></span> <span class='ocrx_word' id='word_1_332' title='bbox 1685 2356 1745 2384; x_wconf 88' lang='grc'><strong>617</strong></span> <span class='ocrx_word' id='word_1_333' title='bbox 1776 2355 1884 2389; x_wconf 69' lang='lat' dir='ltr'><strong>(differt</strong></span> <span class='ocrx_word' id='word_1_334' title='bbox 1907 2355 2003 2384; x_wconf 60' lang='lat' dir='ltr'><strong>aristis</strong></span> 
     </span>
    </p>
   </div>
   <div class='ocr_carea' id='block_1_10' title="bbox 550 2406 908 2447">
    <p class='ocr_par' dir='ltr' id='par_1_11' title="bbox 550 2406 908 2447">
     <span class='ocr_line' id='line_1_35' title="bbox 550 2406 908 2447; baseline -0.011 -9"><span class='ocrx_word' id='word_1_335' title='bbox 550 2410 659 2447; x_wconf 81' lang='lat' dir='ltr'><strong>apicem</strong></span> <span class='ocrx_word' id='word_1_336' title='bbox 681 2418 775 2436; x_wconf 80' lang='lat' dir='ltr'><strong>versus</strong></span> <span class='ocrx_word' id='word_1_337' title='bbox 800 2406 908 2441; x_wconf 86' lang='lat' dir='ltr'><strong>nudis).</strong></span> 
     </span>
    </p>
   </div>
   <div class='ocr_carea' id='block_1_11' title="bbox 378 2479 2003 2576">
    <p class='ocr_par' dir='ltr' id='par_1_12' title="bbox 378 2479 2003 2576">
     <span class='ocr_line' id='line_1_36' title="bbox 528 2479 2003 2522; baseline -0.001 -8"><span class='ocrx_word' id='word_1_338' title='bbox 528 2484 634 2515; x_wconf 87' lang='lat' dir='ltr'><strong>Habit.</strong></span> <span class='ocrx_word' id='word_1_339' title='bbox 665 2484 784 2514; x_wconf 74' lang='lat' dir='ltr'><strong>Patria</strong></span> <span class='ocrx_word' id='word_1_340' title='bbox 814 2483 934 2522; x_wconf 64' lang='lat' dir='ltr'><strong>iynota.</strong></span> <span class='ocrx_word' id='word_1_341' title='bbox 958 2499 1000 2503; x_wconf 97' lang='lat'>—</span> <span class='ocrx_word' id='word_1_342' title='bbox 1024 2479 1210 2521; x_wconf 85' lang='lat' dir='ltr'><strong>Specimina</strong></span> <span class='ocrx_word' id='word_1_343' title='bbox 1241 2479 1272 2511; x_wconf 91' lang='lat' dir='ltr'><strong>in</strong></span> <span class='ocrx_word' id='word_1_344' title='bbox 1302 2479 1401 2511; x_wconf 89' lang='lat' dir='ltr'><strong>hortis</strong></span> <span class='ocrx_word' id='word_1_345' title='bbox 1433 2480 1559 2521; x_wconf 87' lang='lat' dir='ltr'><strong>Upsal.,</strong></span> <span class='ocrx_word' id='word_1_346' title='bbox 1588 2481 1693 2513; x_wconf 85' lang='lat' dir='ltr'><strong>Paris.</strong></span> <span class='ocrx_word' id='word_1_347' title='bbox 1724 2484 1755 2512; x_wconf 92' lang='lat' dir='ltr'><strong>et</strong></span> <span class='ocrx_word' id='word_1_348' title='bbox 1782 2481 1887 2513; x_wconf 85' lang='lat' dir='ltr'><strong>Berol.</strong></span> <span class='ocrx_word' id='word_1_349' title='bbox 1919 2481 2003 2512; x_wconf 87' lang='lat' dir='ltr'><strong>culta</strong></span> 
     </span>
     <span class='ocr_line' id='line_1_37' title="bbox 378 2531 1229 2576; baseline -0.007 -9"><span class='ocrx_word' id='word_1_350' title='bbox 378 2535 443 2567; x_wconf 85' lang='lat' dir='ltr'><strong>vidi</strong></span> <span class='ocrx_word' id='word_1_351' title='bbox 467 2535 588 2576; x_wconf 86' lang='lat' dir='ltr'><strong>(herbb.</strong></span> <span class='ocrx_word' id='word_1_352' title='bbox 613 2535 718 2565; x_wconf 81' lang='lat' dir='ltr'><strong>FRIES</strong></span> <span class='ocrx_word' id='word_1_353' title='bbox 744 2536 775 2565; x_wconf 84' lang='lat' dir='ltr'><strong>et</strong></span> <span class='ocrx_word' id='word_1_354' title='bbox 798 2544 878 2564; x_wconf 67' lang='lat' dir='ltr'><strong>mm.</strong></span> <span class='ocrx_word' id='word_1_355' title='bbox 904 2531 1094 2572; x_wconf 77' lang='lat' dir='ltr'><strong>Holmiens.)</strong></span> <span class='ocrx_word' id='word_1_356' title='bbox 1117 2531 1157 2572; x_wconf 91' lang='lat' dir='ltr'><strong>(v.</strong></span> <span class='ocrx_word' id='word_1_357' title='bbox 1183 2532 1229 2572; x_wconf 89' lang='lat' dir='ltr'><strong>s.).</strong></span> 
     </span>
    </p>
   </div>
  </div>
 </body>
</html>
