2209 3104
113 910 321 993 Oelandia,
361 959 504 983 amoena
536 947 646 982 maris
681 947 803 982 baltici
830 947 965 991 insula,
995 952 1150 993 angusto
1176 952 1311 982 tantum
1339 950 1428 984 freto
1471 962 1493 985 a
1527 951 1735 987 Smolandia

112 1006 252 1042 divulsa
279 1011 343 1042 est.
396 1006 590 1052 Vegetatio
618 1009 738 1040 tamen
766 1005 875 1051 longe
904 1005 977 1041 alia
1005 1017 1111 1052 quam
1130 1007 1165 1041 in
1185 1010 1282 1041 terra
1301 1008 1454 1042 maxime
1474 1009 1601 1045 vicina.
1644 1011 1735 1046 Haec

111 1065 313 1100 differentia
347 1077 369 1100 a
401 1065 546 1100 diversa
580 1065 648 1100 soli
685 1064 802 1099 indole
836 1067 959 1109 aperte
993 1065 1143 1110 pendet,
1165 1065 1242 1110 jam
1282 1065 1495 1101 observante
1531 1067 1682 1103 Linnaeo
1704 1068 1735 1103 1).

109 1123 399 1169 Phanerogamae
443 1125 487 1159 ab
528 1124 588 1159 illo
631 1127 666 1158 et
706 1123 870 1169 plurimis
911 1123 1089 1158 botanicis
1134 1123 1325 1168 diligenter
1367 1129 1447 1159 sunt
1487 1125 1735 1172 investigatae3

109 1182 289 1217 Lichenes
317 1182 499 1228 praecipue
527 1193 548 1216 a
576 1181 703 1216 Theol.
737 1181 896 1217 Doctore
931 1181 1014 1217 Chr.
1050 1180 1309 1217 Stenhamniar.
1363 1182 1413 1217 Hi
1440 1194 1518 1218 cum
1547 1183 1736 1220 Gotlandi—

110 1241 163 1276 cis
189 1244 403 1286 congruunt,
427 1240 575 1274 multum
593 1251 678 1275 vero
698 1239 871 1275 recedunt
890 1252 912 1275 a
931 1240 1123 1286 speciebus
1144 1239 1284 1276 Sueciae
1304 1241 1565 1277 contincntalis.
1620 1243 1737 1279 Musei

110 1310 196 1334 vero
224 1299 395 1334 hactenus
422 1309 526 1345 paene
553 1299 727 1344 neglecti,
757 1299 854 1333 solus
884 1298 960 1334 Cel.
988 1298 1181 1333 Professor
1208 1298 1243 1334 S.
1266 1298 1308 1335 O.
1336 1299 1524 1346 Lindberg
1555 1303 1650 1336 1865
1672 1313 1737 1348 per

111 1358 248 1404 aliquot
282 1358 359 1392 dies
392 1357 485 1392 hanc
518 1357 672 1392 insulam
699 1357 797 1402 visit,
827 1360 864 1392 at
892 1368 977 1392 suas
1005 1356 1207 1403 symbolas,
1237 1359 1259 1392 5
1287 1358 1310 1395 1.
1341 1360 1360 1393 6
1391 1359 1581 1405 speciebus
1608 1371 1736 1407 excep-

109 1417 172 1462 tis,
200 1416 296 1451 haud
325 1415 533 1461 divulgavit.

264 1473 458 1518 Oelandia,
494 1474 525 1509 si
562 1485 685 1509 aream
726 1473 853 1509 insulae
894 1473 1087 1520 respicias,
1130 1474 1397 1519 vegetationem
1437 1486 1638 1511 muscorum
1680 1480 1738 1512 sat

109 1544 305 1580 pauperem
332 1533 485 1579 praebet,
514 1544 596 1567 nam
623 1544 790 1567 numerus
817 1533 1025 1567 Allzcscorzmz
1053 1536 1088 1567 et
1115 1533 1378 1580 Hepatz'carwn
1411 1535 1635 1579 cognitarum
1666 1546 1737 1570 nou

110 1591 254 1627 excedit
281 1592 371 1636 250,
401 1602 420 1626 e
449 1590 576 1636 quibus
606 1592 677 1625 202
713 1591 885 1638 Bryaceoe
918 1591 1024 1637 (inter
1052 1602 1141 1636 quas
1172 1593 1241 1626 119
1272 1593 1500 1639 acrocmyn'coe
1528 1597 1563 1628 et
1591 1595 1636 1628 83
1665 1594 1737 1628 cla-

111 1651 334 1697 docaoyn'eoe),
374 1651 393 1684 6
429 1650 601 1696 Sphafflza
634 1653 669 1684 et
703 1651 749 1684 42
779 1650 974 1697 Hepatz'coe.
1027 1650 1146 1695 Hujus
1180 1650 1404 1696 paupertatis
1431 1651 1521 1686 ratio
1549 1651 1586 1685 in
1612 1655 1739 1686 natura

110 1709 179 1745 soli
213 1708 396 1755 praecipue
431 1707 624 1753 quaerenda
658 1712 728 1753 est,
764 1720 847 1743 nam
882 1712 1021 1743 montes
1050 1713 1085 1743 et
1109 1719 1218 1755 rupes
1245 1709 1482 1754 granitoideae
1507 1710 1649 1744 omnino
1677 1709 1738 1744 de-

111 1771 208 1813 sunt;
247 1778 355 1812 rupes
395 1777 479 1800 vero
519 1766 694 1801 calcareae
732 1766 869 1813 passim
913 1771 1139 1802 occurrentes
1178 1767 1305 1802 umbra
1345 1771 1380 1802 et
1417 1767 1563 1803 madore
1600 1773 1736 1812 carent,

110 1838 141 1861 v.
168 1837 197 1861 c.
235 1836 344 1871 rupes
376 1824 469 1859 inter
502 1824 698 1871 Wickleby
739 1829 773 1859 et
808 1824 942 1860 Resmo
976 1829 1082 1871 atque
1115 1836 1223 1872 rupes
1260 1837 1372 1872 prope
1404 1826 1601 1871 Borgholm
1634 1827 1738 1861 meri-

112 1884 206 1918 diem
239 1894 376 1918 versus.
432 1881 514 1925 Qua
547 1893 586 1917 re
621 1883 734 1918 musci
761 1888 945 1929 rupestres
973 1884 1009 1918 iu
1038 1883 1217 1919 Oelandia
1245 1885 1433 1930 pauciores
1462 1888 1543 1919 sunt
1569 1895 1674 1930 quam
1702 1885 1739 1920 in

111 1941 241 1977 ceteris
279 1940 474 1987 provinciis
516 1940 770 1976 Scandinaviae
807 1942 1062 1977 meridionalis.
1116 1943 1303 1977 Praeterea
1341 1942 1455 1977 musci
1488 1943 1629 1977 arborei
1667 1955 1738 1979 non

110 2000 210 2035 multi
244 1999 391 2043 adsunt,
429 2003 465 2033 et
497 1998 588 2033 inter
620 2003 763 2034 nostros
797 2012 941 2036 muscos
977 2000 1174 2046 paludosos
1202 2001 1383 2036 nonnullae
1411 2001 1552 2047 species
1581 2006 1738 2037 ceterum

110 2058 253 2093 minime
284 2069 392 2101 rarae,
426 2069 457 2092 v.
487 2068 515 2092 c.
556 2057 852 2104 Camptotlzecimn.
893 2059 1004 2093 nitens
1046 2062 1081 2093 et
1122 2059 1302 2106 Hypanin
1340 2060 1590 2100 stramineum,
1631 2060 1737 2106 plane

112 2116 250 2151 desunt.
304 2115 387 2150 Non
417 2116 544 2151 mirum
577 2119 633 2150 est
666 2115 927 2151 Racomitrz'um
961 2117 1227 2163 Zaozuyz'nosum,
1260 2117 1421 2163 plantam
1447 2117 1542 2163 apud
1569 2129 1635 2153 nos
1664 2119 1738 2153 vul-

112 2174 352 2220 gatissimam,
382 2173 524 2208 omnino
553 2173 698 2218 deesse,
725 2185 831 2219 quum
858 2175 936 2209 haec
966 2175 1108 2220 species
1135 2186 1327 2221 numquam
1362 2176 1398 2210 in
1433 2176 1532 2210 calce
1560 2181 1737 2222 occurrat3

113 2231 179 2268 sed
204 2243 246 2267 eo
273 2231 393 2276 magis
422 2231 570 2266 miratus
598 2243 686 2275 sum,
714 2232 751 2267 in
779 2232 958 2268 Oelandia
985 2244 1041 2268 me
1068 2244 1138 2268 non
1165 2233 1328 2279 potuisse
1355 2234 1513 2280 reperire
1542 2233 1738 2269 Nealceram.

113 2291 280 2336 crispam,
309 2301 389 2335 quae
417 2301 508 2324 saxa
536 2294 570 2324 et
597 2301 704 2336 rupes
733 2291 918 2326 calcareas
942 2291 1124 2337 praecipue
1153 2296 1249 2326 amat
1277 2295 1312 2326 et
1340 2292 1544 2337 frequenter
1576 2292 1676 2337 viget
1702 2293 1739 2327 in

113 2352 231 2384 monte
273 2347 488 2393 Thorsburg
529 2347 737 2384 Gotlandiae
776 2353 810 2384 et
848 2350 885 2384 in
926 2353 1036 2384 strato
1078 2349 1242 2384 calcareo
1273 2350 1402 2384 montis
1436 2349 1658 2385 Kinnekulle
1691 2351 1740 2386 ad

111 2406 327 2442 Morkeklef.

249 2535 264 2556 ¹>
288 2533 409 2565 Linnes
435 2526 605 2564 Olandska
631 2532 691 2563 och
716 2532 933 2565 Gottlandska
960 2534 1046 2565 Besa
1068 2543 1097 2574 p.
1122 2533 1172 2564 39.

219 2592 294 2618 Nova
311 2593 378 2618 Acta
395 2593 460 2625 Reg.
480 2592 536 2617 Soc.
556 2591 596 2617 Sc.
615 2591 677 2624 UPS.
714 2591 767 2617 Ser.
786 2592 835 2617 ΠΙ.
1621 2594 1634 2619 1
