2134 3034
421 178 465 211 1ss
1045 169 1089 204 T.
1119 169 1320 214 THORELL,

518 274 571 309 As
600 285 621 308 a
650 272 825 318 complete
856 270 1090 316 registration
1121 270 1161 305 of
1183 281 1428 317 synonymous
1449 270 1595 316 generic
1616 270 1687 305 and
1706 270 1853 317 specific
1876 281 2001 305 names

365 333 452 368 does
480 335 541 367 not
570 335 670 366 enter
700 331 774 366 into
802 330 862 364 the
890 329 976 376 plan
1007 330 1046 364 of
1068 329 1170 364 these
1198 329 1379 375 remarks,
1408 329 1426 364 I
1452 329 1544 364 have
1572 328 1609 363 in
1637 329 1786 374 general
1814 329 1925 364 taken
1953 340 2001 374 up

363 392 399 426 111
427 391 486 426 1116
507 391 577 426 lists
606 391 645 438 qs
666 402 856 437 synonyms
890 388 974 435 only
1003 387 1091 423 such
1120 387 1302 433 citations,
1332 399 1373 422 as
1401 399 1497 422 were
1524 398 1722 434 necessary
1749 391 1785 423 to
1814 387 1915 423 show
1943 387 2002 422 the

365 449 483 495 origin
516 449 587 484 and
616 448 699 483 date
741 448 781 483 of
811 447 870 482 the
907 447 1053 482 various
1085 446 1373 481 denominations
1415 446 1524 491 given
1556 450 1591 481 to
1626 446 1715 481 each
1752 446 1894 492 61166166
1927 445 1998 480 and

364 520 499 555 genus:
523 508 541 543 I
561 508 655 543 have
676 508 847 542 however
866 506 1079 553 frequently,
1104 505 1142 541 in
1162 506 1222 540 1116
1243 516 1328 540 6666
1350 505 1389 540 of
1405 505 1553 551 specific
1576 516 1719 550 names,
1742 505 1819 540 also
1841 504 2002 540 referred

363 572 398 603 to
429 578 528 602 some
567 567 670 602 work
704 566 825 601 where
866 565 926 600 the
968 564 1111 611 61166166
1152 564 1188 599 in
1231 564 1397 610 question
1429 564 1460 599 16
1487 564 1577 611 fully
1619 564 1690 599 and
1728 563 2002 610 unmistakably

365 626 556 662 described
593 637 632 661 or
661 624 817 671 figured,
858 636 899 660 as
930 624 1007 659 also
1047 623 1250 670 invariably
1282 627 1318 658 10
1351 623 1589 659 WEs'rRING’s
1624 622 1695 657 and
1727 622 2003 657 BLACKWALL'S

363 690 469 732 great
495 685 633 730 works,
664 684 750 729 and,
777 684 832 719 for
862 694 1008 728 genera,
1036 686 1072 717 10
1101 682 1259 718 SIMON'S.
1313 682 1449 717 Names
1472 682 1562 717 from
1589 692 1687 716 mere
1716 681 1785 716 lists
1804 681 1842 716 of
1858 681 2001 727 species

362 746 380 780 Ι
406 746 499 780 have
535 744 619 791 only
647 744 682 778 in
711 755 733 778 a
759 743 828 777 few
858 753 961 777 cases
997 740 1170 776 admitted
1199 752 1332 787 among
1358 741 1417 775 the
1448 752 1660 787 synonyms,
1689 740 1744 775 for
1770 739 1806 775 in
1831 744 1926 775 most
1950 740 2003 775 in-

363 808 509 840 stanees
536 814 592 838 we
626 813 689 838 are
717 801 888 837 destitute
917 801 954 835 of
979 800 1028 835 all
1056 804 1255 846 guarantee
1283 800 1360 834 that
1387 800 1476 835 611611
1502 810 1627 835 6611166
1646 799 1761 846 really
1781 799 2001 846 correspond

362 867 398 898 10
426 863 484 897 1116
514 862 673 908 61160166,
702 864 738 896 10
766 859 884 895 which
910 859 969 894 1116
995 870 1121 894 names
1149 859 1319 906 properly
1337 859 1481 904 belong.
1536 858 1616 893 The
1642 869 1804 893 common
1824 869 2001 905 synouym

362 922 417 957 for
445 933 466 956 6
493 921 643 956 number
672 920 711 955 of
732 919 879 965 generic
902 930 1043 963 names,
1074 919 1241 953 Arcmeus
1270 917 1442 962 CLEROK,
1475 919 1625 952 Aranea
1650 917 1755 953 LINN.
1786 917 1872 966 (and
1900 918 2002 953 other

366 980 545 1028 authors),
572 980 590 1015 I
615 979 709 1014 have
745 982 807 1013 not
844 976 1058 1013 considered
1093 977 1120 1011 it
1145 988 1342 1023 necessary
1369 980 1405 1012 to
1439 976 1596 1021 include,
1629 976 1768 1011 neither
1801 976 1894 1011 have
1921 976 1939 1012 I
1964 977 2001 1012 in

362 1040 420 1075 the
449 1050 645 1086 synonyms
671 1038 725 1073 for
759 1037 818 1072 the
851 1047 988 1082 genera
1027 1035 1164 1070 formed
1199 1039 1236 1070 at
1265 1035 1324 1070 the
1358 1047 1517 1082 expense
1552 1036 1591 1070 of
1620 1035 1680 1070 the
1716 1035 1774 1070 old
1804 1047 1941 1081 genera
1965 1037 2006 1071 of

363 1098 581 1133 LA'rnEILLE
618 1097 688 1132 and
721 1096 1012 1140 WALCIOENAER,
1049 1094 1220 1129 admitted
1253 1095 1371 1139 these,
1407 1094 1530 1129 unless
1565 1094 1606 1136 it,
1634 1094 1689 1129 for
1714 1105 1813 1130 some
1841 1095 2002 1141 especial

362 1168 510 1201 reason,
544 1154 727 1202 appeared
759 1158 794 1189 to
823 1166 879 1188 me
909 1153 1099 1189 desirable.
1154 1153 1272 1189 XVhen
1299 1153 1317 1188 I
1340 1153 1434 1188 11616
1465 1152 1639 1188 admitted
1670 1152 1743 1188 into
1776 1153 1836 1188 the
1870 1154 1949 1189 lists
1977 1166 2000 1189 a

365 1227 561 1263 synonym,
590 1214 708 1249 11111611
733 1213 751 1248 Ι
777 1212 864 1248 look
891 1224 987 1259 upon
1013 1224 1053 1247 as
1082 1212 1284 1257 uncertain,
1312 1212 1330 1248 I
1356 1212 1447 1247 11616
1475 1211 1605 1259 placed
1633 1212 1757 1247 befoie
1785 1212 1812 1246 it
1838 1212 1883 1247 a‘?

364 1285 574 1348 definiendse3
604 1283 744 1338 exclusis
774 1306 859 1336 enim
890 1306 1052 1345 omnibus,
1085 1316 1155 1346 quae
1184 1305 1227 1336 ibi
1257 1314 1321 1335 non
1352 1305 1564 1346 reperiuntur,
1594 1306 1639 1336 ita
1668 1315 1756 1346 saepe
1789 1305 1938 1336 minuitur
1968 1308 2001 1336 et

364 1359 634 1392 circumscribitur
659 1367 809 1388 numerus
834 1357 1022 1394 for·,ma1um
1046 1358 1080 1388 in
1104 1357 1218 1397 quibus
1244 1355 1414 1396 (1611116161,
1439 1360 1473 1387 ut
1491 1357 1577 1387 nullo
1595 1356 1755 1387 interdum
1772 1357 1902 1396 negotio
1922 1366 1998 1387 vere

358 1412 507 1454 judicare
531 1410 695 1451 possimus
721 1433 728 1440 .
756 1433 762 1439 .
789 1433 795 1439 .
820 1433 826 1439 .
851 1409 894 1439 At
917 1409 944 1439 si
968 1419 1030 1449 qua
1055 1408 1244 1449 descriptio,
1270 1407 1346 1438 licet
1369 1406 1430 1438 hoc
1454 1406 1548 1438 modo
1570 1408 1654 1438 intra
1672 1407 1825 1439 terminos
1843 1407 1999 1448 quosdam

363 1463 519 1501 coercita,
550 1465 659 1492 tamen
689 1460 721 1490 in
751 1459 831 1490 duas
861 1460 913 1490 vel
942 1460 1050 1501 plures
1082 1459 1207 1501 species
1237 1468 1327 1499 aeque
1353 1457 1502 1498 quadrat,
1535 1468 1595 1489 nec
1627 1459 1791 1499 scriptoris
1819 1458 1917 1489 verba
1947 1459 1999 1489 vel

363 1514 475 1554 figurae
506 1513 603 1544 ullam
633 1521 747 1542 ansam
773 1510 814 1541 ad
838 1520 935 1540 unam
966 1520 1090 1551 earum,
1116 1510 1244 1552 rejectis
1270 1509 1357 1549 aliis,
1384 1509 1567 1549 eligendam
1592 1509 1749 1551 praebeat3
1775 1519 1835 1540 nec
1858 1509 1996 1550 denique

364 1566 404 1597 ab
429 1565 574 1596 omnibus
600 1565 763 1603 receptum
780 1564 844 1601 661,
869 1561 996 1592 nomine
1018 1563 1118 1593 veteri
1136 1562 1278 1602 speciem
1296 1560 1456 1601 quandam
1482 1572 1520 1591 em
1542 1562 1599 1600 iis,
1625 1562 1659 1591 z'n
1683 1562 1796 1601 quibas
1819 1562 1998 1600 dubitatur,

365 1616 567 1657 significare,
592 1617 658 1644 tum
682 1614 727 1644 ita
750 1612 899 1653 equidem
924 1622 1055 1653 censeo,
1084 1623 1153 1654 quae
1179 1622 1219 1644 ex
1241 1613 1280 1643 iis
1304 1612 1336 1643 in
1361 1612 1528 1652 provincia
1552 1611 1603 1643 vel
1625 1611 1656 1642 in
1674 1611 1780 1651 patria
1796 1612 1881 1643 illius
1900 1603 1999 1654 scrip-

365 1668 443 1699 toris
468 1667 607 1697 maxime
631 1665 673 1696 sit
696 1664 854 1704 vulgaris,
888 1673 960 1694 eam
984 1664 1125 1704 nomine,
1151 1674 1211 1704 quo
1235 1664 1288 1694 ille
1312 1672 1389 1694 usus
1415 1663 1470 1703 sit,
1497 1672 1571 1693 esse
1595 1662 1830 1703 appellandam.
1876 1663 1998 1695 Eodem

365 1728 490 1759 quoque
520 1716 614 1748 modo
641 1715 852 1757 judicandum
883 1718 947 1754 est,
974 1724 1070 1755 quum
1100 1715 1266 1746 evidenter
1290 1717 1439 1755 apparet,
1467 1714 1655 1754 scriptorem
1679 1714 1818 1754 aliquem
1843 1714 1923 1746 duas
1948 1715 2000 1746 vel

364 1771 473 1811 plures
499 1768 647 1800 diversas
672 1767 798 1807 species
824 1766 1025 1797 confudisse:
1052 1766 1114 1797 nisi
1139 1766 1166 1796 si
1182 1767 1328 1805 fiyzmzm
1352 1764 1527 1803 addiderit,
1552 1775 1622 1804 quae
1649 1774 1746 1795 unam
1770 1775 1879 1796 earum
1897 1767 1999 1798 mani-

365 1821 447 1852 feste
483 1822 710 1860 repraesentet3
747 1822 813 1848 tum
848 1818 931 1849 enim
961 1817 1105 1857 nomine,
1142 1817 1224 1857 quod
1259 1817 1313 1848 ille
1344 1816 1540 1855 adhibuerit,
1578 1815 1662 1846 hanc
1693 1816 1836 1856 speciem
1865 1827 1996 1858 vocare,

366 1872 467 1903 satius
492 1870 569 1901 mihi
594 1869 730 1901 videtur.
756 1887 795 1891 -
819 1887 862 1891 —
884 1887 926 1890 -—
950 1867 1053 1904 Quum
1078 1872 1183 1898 autem
1206 1868 1239 1898 in
1264 1877 1325 1898 uno
1350 1867 1526 1907 eodemque
1544 1876 1640 1907 opere
1659 1868 1832 1898 varietates
1852 1868 1998 1909 ejusdem

365 1922 489 1963 speciei
511 1925 545 1952 ut
569 1921 707 1951 diversae
732 1919 858 1960 species
884 1919 1055 1959 descriptae
1080 1921 1111 1949 et
1134 1918 1305 1949 nominata}
1330 1921 1416 1957 sunt,
1443 1917 1572 1948 difficile
1596 1917 1754 1948 interdum
1773 1918 1875 1950 videri
1890 1923 1999 1960 potest

359 1974 522 2015 judicare,
554 1982 593 2003 ex
628 1971 810 2002 nominihus
848 1970 932 2001 datis
968 1969 1053 2010 quod
1090 1969 1292 2000 retinendum
1328 1970 1369 2000 sit
1404 1972 1435 1999 et
1471 1969 1590 2009 speciei
1627 1968 1854 2009 imponendum
1859 1995 1999 2002 .....

364 2023 590 2056 Definiendum
616 2026 679 2063 est,
704 2032 774 2062 quae
798 2022 840 2052 sit
856 2023 969 2062 forma
990 2022 1186 2061 principalis
1211 2021 1280 2051 sive
1300 2021 1485 2060 primitiva,
1512 2019 1600 2060 cujus
1618 2029 1733 2049 nomen
1752 2020 1812 2050 sibi
1832 2020 1998 2053 adsciscat

366 2076 492 2116 species
525 2083 662 2105 necesse
692 2076 755 2109 est,
786 2076 817 2103 et
845 2073 935 2114 cujus
964 2072 1138 2103 varietates
1172 2071 1270 2110 igitur
1302 2071 1431 2111 reliquae
1460 2073 1533 2101 sunt
1561 2069 1728 2101 habendae.
1776 2072 1898 2102 Forma
1921 2082 1997 2104 vero

361 2126 558 2167 principalis
582 2134 621 2156 ea
645 2124 862 2155 existimanda
886 2127 950 2161 est,
977 2132 1046 2163 quae
1070 2122 1329 2162 frequentissime
1353 2122 1513 2153 invenitur
1529 2121 1560 2151 in
1578 2121 1684 2161 patria
1702 2121 1785 2162 ejus,
1804 2122 1857 2162 qui
1875 2124 1996 2164 primus

366 2178 514 2217 nomina,
541 2176 581 2206 (16
606 2176 719 2214 quibus
745 2175 859 2214 agitur,
886 2173 984 2204 dedit.
1032 2173 1066 2204 Si
1090 2173 1122 2204 id
1153 2173 1323 2215 dijudicari
1353 2183 1414 2204 non
1445 2175 1568 2213 potest,
1592 2172 1644 2202 vel
1668 2172 1695 2202 si
1719 2176 1870 2214 apparet,
1896 2175 1997 2215 serip-

365 2232 466 2259 torem
488 2228 576 2258 illum
601 2236 709 2258 veram
732 2226 867 2257 formam
891 2224 1102 2265 principalem
1126 2234 1190 2255 non
1215 2224 1422 2264 cognovisse:
1447 2226 1511 2254 tum
1535 2222 1670 2263 primum
1696 2223 1738 2254 ad
1755 2224 1836 2255 alias
1854 2225 1996 2257 rationes

366 2282 416 2310 est
438 2277 696 2318 confugiendum,
728 2280 759 2308 et
783 2286 823 2307 ex
845 2275 1040 2315 nominibus,
1067 2286 1133 2314 quse
1162 2277 1297 2316 dederit,
1328 2274 1361 2305 id
1390 2274 1588 2314 eligendum,
1614 2273 1700 2314 quod
1730 2275 1868 2316 exempli
1891 2277 1998 2316 gratia

365 2330 470 2370 magis
503 2339 598 2369 quam
627 2329 753 2369 reliqua
779 2329 812 2358 in
836 2329 894 2358 hac
922 2327 1021 2367 specie
1051 2326 1157 2357 tritum
1190 2330 1283 2366 atque
1313 2326 1464 2357 usitatum
1490 2326 1545 2365 sit,
1576 2325 1628 2356 vel
1652 2325 1736 2364 quod
1760 2326 1864 2366 magis
1889 2330 1997 2368 aptum

366 2385 398 2412 et
420 2380 571 2411 idoneum
595 2380 743 2411 videatur
765 2396 808 2401 —-
833 2381 864 2409 et
885 2377 918 2408 id
943 2387 1044 2417 genus
1070 2377 1163 2408 alia.''

454 2431 558 2462 When
582 2441 601 2461 a
626 2430 767 2472 species,
794 2429 990 2468 concerning
1012 2427 1117 2459 which
1141 2426 1230 2458 there
1254 2426 1281 2457 16
1307 2437 1327 2457 a
1351 2426 1523 2457 (111-’16161166
1547 2426 1583 2458 of
1603 2427 1746 2468 opinion,
1770 2427 1797 2458 is
1821 2431 1877 2459 1101
1899 2428 2000 2460 found

366 2483 398 2513 in
422 2482 476 2513 the
503 2485 638 2522 country
666 2480 776 2511 where
801 2480 854 2511 the
880 2479 1045 2510 describer
1074 2478 1218 2517 resided,
1249 2477 1273 2508 it
1296 2478 1324 2508 is
1349 2477 1478 2509 evident
1507 2477 1577 2508 that
1605 2478 1693 2509 what
1721 2478 1779 2509 has
1809 2478 1885 2510 here
1915 2479 1998 2511 been

368 2533 440 2564 said
461 2533 495 2563 of
514 2532 583 2563 that
606 2534 749 2572 country,
775 2534 860 2561 must
883 2530 922 2561 be
947 2529 1139 2561 considered
1162 2538 1199 2560 as
1224 2528 1359 2567 holding
1383 2527 1468 2568 good
1495 2529 1543 2559 for
1570 2528 1624 2559 the
1650 2529 1781 2570 locality
1807 2529 1916 2562 where
1944 2531 1998 2563 the

369 2584 495 2624 species
520 2584 552 2614 in
578 2583 725 2622 question
749 2591 817 2613 was
841 2581 949 2612 taken.
