2134 3034
553 173 782 209 l'uonimnrs
812 174 1100 210 MonoonArfflAE
1129 174 1301 209 Gizonun.
1647 176 1690 209 61

664 393 769 430 SECT.
799 394 896 430 VIII.
952 395 1199 432 STYLIPUS

639 478 741 509 Rafin.
768 479 868 519 Neo-g.
894 490 932 511 ex
958 482 1048 512 Torr.
1073 486 1104 512 et
1129 482 1226 522 Grray.

276 573 392 620 Calyx
420 572 699 616 ebracteolatus,
729 573 870 610 laciniis
898 575 1051 613 reflexis.
1107 576 1377 623 Carpophorum
1403 576 1511 621 longe
1531 575 1745 622 stipitatum,

120 631 243 678 stipite
273 636 425 667 exserto.
482 631 572 679 styli
607 633 1006 679 annulato-geniculati‚
1042 636 1217 681 elongati,
1253 635 1402 670 articulo
1437 634 1620 682 superiore
1650 633 1746 669 dcci-

121 691 200 727 duo.
254 691 383 726 Flores
411 691 524 738 parvi.
578 691 683 726 Folia
710 691 994 740 pinnatipartita,
1024 694 1165 729 laciniis
1193 695 1470 741 subaequalibus.

272 777 421 809 Continet
446 777 513 808 haec
538 777 638 808 sectio
663 787 757 808 unani
782 778 922 818 speciem
947 781 1177 816 americanam,
1203 780 1242 811 ab
1268 781 1413 812 omnibus
1432 779 1617 811 distinctam
1634 777 1746 818 calyce

120 829 345 861 ebracteolato.
373 848 411 851 —
446 829 603 860 Convenit
631 838 700 859 cnm
730 828 1027 871 Caryophyllastris
1055 834 1086 861 et
1116 832 1269 871 Calligeis
1303 831 1409 863 habitu
1436 836 1467 862 et
1491 829 1751 868 characteribus„

120 881 265 922 exceptis
291 881 401 922 calyce
427 890 555 921 semper
577 883 674 919 atque
697 884 883 911 constanter
907 881 1136 922 ebracteolato,
1160 883 1359 924 carpophoro
1384 881 1656 924 stipitato——hac
1672 884 1747 911 nota

120 943 190 964 cum
217 931 403 974 Orthostylo
428 935 460 963 et
484 931 745 973 Caryopbyllatis
768 933 926 964 convenit.

122 1047 180 1081 43.
222 1044 352 1080 GEUM
392 1052 572 1079 VERNUM
615 1043 717 1080 Torr.
761 1050 796 1080 et
836 1044 955 1092 Gray,
984 1045 1080 1080 foliis
1108 1045 1328 1081 radicalibus
1361 1042 1746 1087 rotundato-cordatis,

224 1104 435 1140 3—5-10bis
477 1103 533 1138 vel
574 1103 872 1151 pinnatipartitis3
913 1104 1010 1139 foliis
1052 1104 1202 1140 caulinis
1250 1104 1545 1152 piunatipartitis,
1592 1106 1747 1138 serrato-

224 1163 396 1207 deutatis,
426 1163 567 1198 laciniis
596 1163 880 1209 subaequalibus,
910 1164 966 1199 vel
998 1164 1170 1209 trisectis,
1209 1164 1356 1210 ciliatis3
1391 1164 1522 1211 petalis
1554 1162 1659 1198 flavis
1688 1173 1748 1196 ca-

223 1224 340 1271 lycem
369 1221 652 1257 cbracteolatum
681 1223 990 1269 subaequantibus3
1021 1223 1189 1270 carpellis
1217 1223 1419 1259 numerosis
1452 1222 1608 1268 scabris3
1642 1220 1748 1268 stylis

223 1282 378 1329 glabris,
408 1281 699 1329 persistentibus,
729 1282 831 1328 apice
860 1283 1278 1328 uncinato-geniculatis,
1306 1282 1390 1330 styli
1410 1282 1559 1318 articulo
1579 1281 1748 1317 inferiore

224 1341 374 1389 carpelli
401 1340 641 1386 longitudine,
671 1341 857 1376 art-iculum
885 1341 1106 1388 superiorem
1134 1342 1242 1389 duplo
1268 1342 1475 1378 excedente.

121 1432 201 1470 Syn.
229 1429 269 1459 G.
294 1440 417 1459 vernum
447 1431 527 1457 Torr⁴
557 1434 585 1456 et
615 1429 689 1465 (ii-ay
720 1429 762 1456 Fl.
796 1430 827 1457 of
853 1430 945 1457 North
970 1432 1064 1459 Aruer.
1092 1433 1124 1464 1,
1156 1441 1182 1468 p.
1208 1432 1280 1459 422.
1305 1447 1344 1450 -
1371 1431 1463 1470 Walp.
1490 1432 1604 1470 Repert.
1629 1433 1687 1462 bot.
1715 1435 1748 1468 2,

297 1492 323 1520 p.
348 1483 398 1510 47.
426 1497 464 1500 —
490 1481 583 1509 Hook.
610 1481 687 1508 Icon.
713 1481 802 1519 plant.
829 1486 848 1509 t.
878 1482 948 1510 286.
974 1499 1012 1501 —
1038 1485 1072 1510 A.
1099 1483 1173 1520 Gray
1198 1483 1318 1511 Manual
1342 1484 1373 1511 of
1394 1484 1440 1511 the
1465 1483 1523 1512 bot.
1544 1484 1576 1511 of
1590 1484 1636 1512 the
1654 1486 1748 1514 North

296 1536 390 1562 Amer.
418 1533 498 1561 Unit.
526 1534 616 1567 Stat,
642 1543 669 1570 p.
698 1534 767 1560 152.

230 1585 364 1625 Stylz‘pns
394 1585 450 1618 (vel
480 1585 622 1622 Stilopus)
652 1595 759 1613 vernus
790 1585 959 1623 Ratinesqne
983 1586 1076 1622 Neog.
1102 1586 1130 1613 3.
1156 1602 1195 1604 —
1222 1585 1308 1614 Short
1339 1587 1438 1624 Snppl.
1470 1591 1525 1615 cat.
1550 1587 1588 1625 pl.
1614 1589 1645 1616 of
1672 1589 1750 1617 Ken-

297 1637 397 1675 tucky,
424 1647 450 1675 p.
477 1637 548 1665 599.

272 1713 377 1744 Habit.
403 1712 435 1743 in
460 1714 606 1743 Amerina
630 1712 884 1752 septentrionali,
911 1714 943 1742 ut
967 1711 1092 1749 Texas,
1111 1711 1294 1750 Arkansas,
1313 1712 1486 1754 Kentucky
1503 1714 1612 1753 (QW.
1627 1714 1749 1748 Snonr

120 1766 153 1797 in
177 1765 266 1797 herb.
291 1775 370 1795 mus.
395 1763 592 1803 Christian),
619 1761 701 1794 Ohio
724 1766 758 1793 ut
782 1762 953 1794 Columbus
970 1762 1185 1803 (SULLIVANT
1202 1763 1234 1794 in
1252 1763 1339 1795 herb.
1358 1763 1491 1805 Fmsss),
1509 1765 1632 1797 Illinois
1648 1766 1749 1807 (herb.

121 1828 201 1848 mres,
227 1817 405 1848 Holmiens.
431 1818 463 1846 et
485 1815 525 1845 M.
549 1815 587 1846 A.
613 1814 740 1846 CURTIS
764 1814 796 1845 in
821 1814 907 1846 herb.
931 1814 1065 1854 FRIES),
1090 1815 1259 1846 Tennesse
1282 1814 1327 1855 (S.
1351 1815 1387 1845 B.
1409 1815 1581 1847 BUCKLEY
1604 1818 1636 1849 in
1662 1817 1749 1851 herb.

122 1880 203 1900 mus.
230 1868 418 1907 Christian.)
439 1868 480 1907 (v.
506 1868 553 1907 s.).

274 1928 536 1969 Subpubescens,
561 1926 679 1968 pedale
703 1929 735 1957 et
759 1925 852 1956 ultra.
875 1943 917 1948 —
943 1925 1048 1957 Radix
1069 1926 1158 1957 fibris
1181 1925 1424 1966 crassiusculis,
1455 1927 1554 1959 fuscis
1581 1928 1749 1962 instructa.

122 1981 241 2013 Caules
269 1979 509 2011 adscendentes
540 1978 667 2019 plurimi
698 1987 736 2009 ex
767 1976 881 2008 eadem
910 1976 1035 2015 radice,
1066 1977 1230 2018 simplices
1261 1977 1313 2008 vel
1336 1977 1428 2018 apice
1450 1979 1548 2010 ramis
1573 1982 1749 2020 gracilibus

121 2032 283 2072 instructi,
308 2030 537 2072 pauci-foliati,
563 2039 702 2070 superne
726 2028 858 2060 floribus
882 2028 1091 2070 panicula-tis,
1118 2028 1232 2060 striati.
1278 2028 1372 2059 Folia
1394 2029 1621 2072 pilosiuscula,
1641 2034 1750 2065 omnia

120 2083 291 2125 (supremis
316 2092 374 2113 seu
398 2082 536 2113 bracteis
562 2081 718 2122 exceptis)
742 2080 1083 2121 sublongc-pctiolata3
1108 2079 1266 2111 radicalia
1289 2079 1437 2120 cordata,
1455 2081 1582 2122 obtusa,
1602 2088 1749 2126 crenata,

121 2136 211 2167 varic
241 2134 346 2165 incisa
369 2133 557 2173 lobataque,
582 2133 709 2163 caulina
736 2132 868 2163 trisecta
897 2132 948 2163 vel
971 2131 1228 2173 pinnatipartita,
1253 2131 1380 2162 laciniis
1405 2135 1678 2174 ovato-cuneatis,
1703 2136 1749 2167 in—

122 2187 198 2219 cisis
224 2186 274 2216 vel
300 2184 594 2224 serrato-dentatis,
621 2184 752 2223 ciliatis,
779 2192 930 2224 suprema
946 2183 1140 2222 lanceolata,
1159 2182 1274 2214 incisa.
1320 2182 1453 2223 Stipulae
1469 2193 1611 2225 magnac,
1629 2190 1748 2227 ovatae,

122 2236 383 2270 inciso-dentatae
415 2236 467 2267 vel
496 2240 636 2266 serratae.
682 2235 796 2266 Flores
820 2235 852 2266 in
876 2234 974 2265 ramis
997 2233 1147 2265 brevibus
1170 2233 1408 2274 terminalibus,
1433 2234 1559 2266 demum
1583 2237 1671 2277 (post
1694 2249 1750 2269 an-

121 2289 241 2329 thesin)
270 2288 454 2329 paniculam
483 2287 621 2328 amplam
651 2287 842 2324 formantes,
872 2285 983 2326 erecti,
1014 2286 1115 2327 parvi.
1162 2285 1265 2326 Galyx
1292 2285 1478 2325 obconicus,
1504 2287 1586 2318 ultra
1608 2289 1749 2321 medium

121 2339 360 2381 quinquefidus,
385 2338 513 2369 laciniis
537 2339 642 2369 ovatis
667 2337 794 2368 demum
818 2336 962 2377 reflexis,
987 2336 1156 2368 bracteolae
1179 2337 1285 2368 nullae.
1331 2337 1445 2368 Petala
1473 2337 1630 2379 oblonga,
1661 2341 1750 2372 lutea

121 2392 174 2423 vel
206 2391 307 2430 flava,
342 2390 486 2430 calycem
516 2389 583 2420 fere
614 2389 788 2429 aequantia,
820 2397 992 2428 numquam
1021 2388 1219 2428 superantia.
1266 2388 1411 2420 Stamina
1434 2388 1571 2429 plurima
1594 2390 1637 2421 ad
1660 2401 1748 2422 oram

121 2443 188 2474 tubi
217 2441 339 2483 calycis
369 2441 500 2472 inserta.
546 2440 673 2472 Pistilla
701 2449 875 2471 numerosa
904 2440 935 2470 in
966 2439 1137 2479 capitulum
1166 2440 1334 2480 globosum
1359 2440 1641 2480 brevi-stipitatum
1665 2443 1751 2475 intra

121 2495 268 2535 calycem
299 2496 464 2532 congesta.
510 2492 659 2533 Cal-pella
691 2495 801 2529 ovata,
829 2491 912 2531 stylo
942 2490 1108 2530 elongato,
1139 2490 1230 2531 apice
1264 2490 1448 2530 geniculata
1477 2492 1573 2532 longe
1597 2493 1749 2535 aristata,

133 2555 153 2575 n
177 2544 352 2585 capitulum
377 2543 472 2583 longe
497 2543 673 2584 stipitatum
699 2543 845 2581 collecta,
871 2542 980 2583 stipite
1004 2551 1021 2573 e
1045 2542 1157 2584 calyce
1181 2542 1276 2582 longe
1300 2546 1439 2573 exserto.
