2134 3034
410 165 455 198 56
983 158 1027 193 N.
1053 157 1138 194 Jofl.
1167 157 1354 202 Senam-z,

459 263 565 298 luteis
599 261 680 297 basi
706 260 827 306 flavis,
858 261 982 307 calyce
1011 260 1071 295 vix
1105 259 1213 306 duplo
1243 259 1487 305 longioribus3
1517 260 1687 307 carpellis
1713 258 1858 307 pilosis,
1884 258 1990 305 stylis

459 322 615 366 villosis,
647 331 801 367 superne
830 320 978 365 glabris.

358 414 435 450 Syn.
462 410 502 439 G.
525 410 679 439 radiatum
704 409 802 436 Michx
828 408 870 435 Fl.
894 408 954 436 bor.
980 409 1074 435 Amor.
1103 408 1134 441 1,
1159 417 1187 444 p.
1213 407 1284 435 300.
1311 424 1350 427 —
1375 408 1442 435 Dec.
1468 407 1568 436 Prodr.
1594 408 1628 441 2,
1653 417 1681 445 p.
1708 407 1779 434 554.
1799 422 1838 426 —
1856 407 1936 434 Torr.
1962 411 1991 433 et

530 462 604 499 (ἐτι-εις
630 461 672 488 Fl.
699 461 730 488 of
750 460 844 487 North
870 461 982 492 Amen,
1009 469 1035 496 p.
1061 459 1133 486 423.
1162 474 1199 477 —
1224 458 1347 495 A.(÷1·ay
1374 459 1493 486 Manual
1510 460 1540 487 ol'
1562 459 1609 486 the
1633 459 1745 496 Botany
1770 459 1801 486 of
1823 458 1869 486 the
1893 457 1987 485 North

529 515 622 542 Amor.
648 512 731 541 Unit.
759 513 846 543 Stat„
873 521 898 548 p.
928 511 997 538 152.

465 564 615 594 Sieversc'a
637 563 760 592 radiata
786 563 819 590 R.
845 563 957 589 izi-own.

507 639 614 671 Habit.
639 640 670 670 in
697 639 844 668 Amerina
868 638 1129 676 septentrionali,
1162 640 1196 668 ut
1222 637 1254 668 in
1285 637 1444 668 montibus
1475 636 1634 668 Carolinae
1658 636 1715 673 (M.
1740 636 1778 666 A.
1803 634 1931 666 Ccfms
1957 634 1989 665 in

357 693 443 724 herb.
477 692 599 729 ans,
630 692 667 721 A.
694 689 793 720 GRAY
822 689 852 719 in
884 688 971 719 herb.
1003 701 1084 720 umas.
1116 690 1236 729 Hafa.)
1267 692 1298 719 et
1328 687 1478 728 Georgiae
1509 687 1556 727 (S.
1587 687 1622 718 B.
1645 687 1815 718 BUCKLEY
1843 685 1876 716 in
1900 684 1989 715 herb.

356 746 461 776 FRIES
490 747 521 774 et
544 753 624 773 ntus.
654 741 846 781 Christian.)
871 742 914 779 (v.
941 743 991 778 S.).

507 803 681 834 Hirsutum.
728 800 849 831 Pedale
880 803 911 830 et
941 800 1038 839 ultra,
1070 799 1175 839 magis
1209 800 1421 841 plurifiorum,
1453 809 1547 840 quam
1580 799 1617 830 G.
1641 800 1750 830 Peckii
1774 807 1874 838 eoque
1899 797 1989 828 robu—

357 858 445 889 stius.
493 855 601 887 Gauiis
631 858 731 888 teres,
766 852 906 882 hirsutus
932 852 983 882 vel
1008 851 1171 891 hispidus,
1197 852 1303 883 5—10
1326 851 1439 892 florus,
1465 860 1604 891 superne
1628 851 1660 881 in
1685 849 1884 890 pedunculos
1908 848 1989 879 divi-

357 919 422 941 sus.
469 908 561 938 Folia
592 904 748 936 radicalia
778 904 874 942 longe
905 903 1074 943 petiolata,
1105 903 1224 934 lacinia
1249 903 1426 934 terminalis
1451 902 1606 940 maxima,
1633 902 1696 932 late
1721 901 1915 939 reniformis‚
1941 900 1989 931 in-

357 960 587 996 ciso-dentata,
619 956 767 987 dentibus
797 954 1008 994 inaequalibus
1038 954 1252 995 sphacelatis,
1285 954 1410 985 laciniae
1439 954 1592 985 laterales
1624 954 1767 993 minutae,
1802 953 1989 993 plerumque

357 1018 422 1044 tres
452 1011 612 1050 utrinque,
644 1008 806 1044 obovatae,
838 1010 980 1037 serratie.
1027 1006 1118 1036 Folia
1148 1006 1275 1037 cauliua
1304 1006 1531 1046 duo-quatuor,
1562 1005 1716 1044 ohovata‚
1747 1004 1839 1045 triplo
1868 1003 1990 1044 majora

356 1074 451 1105 quam
480 1063 513 1093 in
545 1062 608 1092 Gen
641 1060 757 1090 Pecekiz'.
803 1058 918 1088 Petioli
949 1057 1095 1088 foliorum
1126 1056 1315 1088 radicalium
1344 1056 1549 1088 hirsutissimi
1574 1058 1618 1097 (in
1646 1058 1711 1087 G-eo
1736 1057 1843 1087 Peclcii
1867 1054 1989 1096 pilosi).

356 1116 469 1147 Flores
494 1113 621 1144 brevius
644 1109 850 1152 pcdunculati
876 1119 970 1149 quam
994 1109 1026 1140 in
1052 1110 1117 1139 Geo
1145 1110 1269 1148 Peekiz',
1296 1109 1408 1147 erecti,
1434 1108 1625 1149 paniculati,
1650 1108 1740 1147 lutei,
1766 1106 1989 1147 magnitudine

356 1168 467 1199 florum
493 1167 532 1196 G.
561 1165 674 1195 Peckz'z'.
722 1162 825 1202 Oalyx
852 1161 1007 1200 hirsutus,
1034 1164 1174 1200 erectus,
1201 1161 1268 1192 fere
1293 1159 1426 1192 dimidio
1452 1161 1577 1191 brevior
1599 1170 1692 1200 quam
1711 1159 1818 1200 petala
1837 1160 1990 1189 cuneato-

356 1218 539 1251 obcordata.
585 1214 698 1246 Pet-ala
722 1213 808 1243 lutea
834 1212 967 1252 basique
991 1212 1093 1253 fulva,
1114 1212 1264 1243 distincte
1282 1221 1415 1243 venosa.
1451 1211 1602 1253 Carpella
1618 1211 1738 1252 pilosa,
1756 1210 1832 1251 styli
1849 1218 1989 1250 superne

357 1271 476 1312 glabri,
502 1269 625 1300 inferne
649 1265 765 1296 villosi.

509 1339 581 1369 obs.
627 1335 777 1367 Proxime
803 1333 929 1365 accedit
952 1332 994 1364 ad
1019 1334 1123 1364 Gezmz
1147 1334 1269 1368 Peckz'z',
1294 1336 1328 1364 ut
1351 1333 1447 1365 facile
1471 1333 1633 1364 assentiar
1657 1332 1695 1363 A.
1713 1331 1814 1362 GRAY
1838 1330 1939 1371 (Man.
1957 1329 1995 1361 of

359 1393 412 1424 the
436 1392 505 1423 Bot.
530 1390 565 1421 of
584 1388 636 1419 the
662 1386 761 1418 North
788 1387 895 1417 Amer.
920 1385 1007 1416 [fnit.
1032 1384 1126 1423 Stat.)
1151 1385 1298 1416 afferenti
1323 1385 1360 1416 G.
1385 1385 1498 1416 Peckii
1522 1388 1555 1415 ut
1579 1383 1768 1414 varietatem
1794 1383 1835 1413 Gr.
1852 1382 1989 1412 radiati.

359 1445 438 1476 Cum
468 1451 543 1474 vero
574 1443 719 1471 neutram
750 1437 890 1479 speciem
921 1437 1025 1467 vivam
1056 1437 1242 1467 examinare
1271 1437 1411 1477 licuerit,
1445 1440 1549 1467 utrum
1582 1435 1646 1466 sint
1675 1434 1802 1475 species
1827 1433 1989 1464 distinctae

359 1506 417 1528 nec
441 1505 495 1534 ne,
522 1502 633 1535 parum
658 1490 899 1521 consultaneun]
925 1488 1002 1519 mihi
1027 1491 1077 1519 est
1102 1487 1296 1529 dijudicare,
1321 1498 1419 1528 quare
1444 1491 1478 1519 ut
1502 1487 1582 1518 duas
1609 1487 1757 1528 proprias
1775 1486 1904 1526 species
1922 1494 1990 1516 ser-

357 1547 447 1586 vavi,
473 1544 620 1585 quamvis
649 1542 783 1573 forsitan
813 1541 896 1571 inter
926 1549 961 1570 sc
986 1539 1091 1570 minus
1122 1539 1273 1571 differant
1296 1549 1391 1579 quam
1416 1540 1456 1570 G.
1481 1539 1694 1579 ccclthifolz'um
1722 1541 1754 1569 et
1780 1538 1816 1569 G.
1840 1537 1989 1568 rotundi-

350 1599 481 1640 folz'mn.
509 1614 545 1618 ι·
573 1596 612 1626 G.
637 1595 804 1624 radiatum.
828 1591 934 1622 differt
957 1601 975 1621 a
1003 1592 1041 1622 (π’.
1066 1592 1175 1622 Peclcz'z'
1199 1591 1316 1622 lacinia
1340 1591 1499 1622 terminali
1530 1591 1675 1622 foliorum
1702 1590 1891 1621 radicalium
1915 1599 1988 1630 pro—

358 1650 487 1683 fundius
513 1646 661 1685 cordata,
687 1644 836 1675 radiatim
862 1653 1013 1682 nervosa,
1039 1643 1129 1685 cujus
1154 1643 1217 1674 lobi
1241 1643 1404 1674 rotundati
1429 1642 1523 1674 valde
1553 1642 1816 1683 approximantur
1844 1642 1918 1682 (nec
1943 1642 1989 1673 la—

358 1691 442 1734 cinia
466 1700 536 1731 basi
561 1697 796 1736 subtruncatn),
821 1695 906 1727 foliis
932 1694 1067 1725 caulinis
1093 1695 1190 1725 multo
1215 1694 1391 1736 majoribus
1416 1694 1583 1734 magisque
1610 1694 1732 1725 incisis.
1779 1694 1989 1725 Aureo-fulva

357 1753 509 1785 hirsuties
534 1750 726 1792 petiolorum
750 1747 939 1778 radicalium
964 1749 996 1777 et
1017 1746 1119 1777 caulis
1143 1746 1176 1777 in
1200 1745 1296 1777 siccis
1321 1749 1371 1776 est
1394 1755 1520 1786 quoque
1544 1745 1695 1785 insignis.

359 1876 417 1910 36.
458 1871 556 1908 GEU
565 1879 591 1905 M
618 1869 780 1904 PECKII
807 1867 955 1912 Pursh.,
976 1867 1072 1902 foliis
1100 1866 1320 1902 radicalibus
1346 1866 1603 1912 glabriusculis
1631 1866 1988 1914 lyrato-pinnatipar-

461 1931 549 1975 titis,
593 1928 725 1964 lacinia
764 1927 943 1962 terminali
980 1926 1153 1971 maxima,
1190 1925 1597 1971 rotundato-reniformi,
1626 1926 1708 1962 basi
1737 1927 1988 1975 subtruncata3

459 1990 556 2026 foliis
592 1987 743 2024 caulinis
778 1987 955 2022 subnullis
991 1986 1055 2021 sed
1092 1987 1158 2021 sub
1193 1985 1350 2021 umbella
1382 1986 1540 2021 bracteis
1576 1985 1750 2030 cordatis,
1779 1985 1987 2028 sessilibus3

460 2049 591 2098 petalis
618 2047 740 2092 flavis,
770 2046 895 2093 calyce
925 2046 1033 2093 duplo
1061 2046 1302 2092 longioribusq
1341 2045 1510 2092 carpellis
1538 2046 1684 2092 pilosis3
1713 2045 1819 2093 stylis
1846 2045 1988 2081 villosis

461 2109 565 2157 apice
592 2107 740 2154 glabris.

360 2209 437 2246 Syn.
465 2204 504 2236 G.
530 2203 634 2233 Paci-ii
666 2205 756 2233 Pnrsh
791 2204 834 2232 Fl.
871 2204 930 2232 bor.
962 2204 1057 2231 Amer.
1090 2205 1123 2237 1,
1161 2213 1188 2241 p.
1217 2192 1288 2231 35'2.
1315 2218 1354 2221 ——
1379 2202 1446 2230 Dec.
1476 2202 1575 2230 Prodr.
1608 2203 1641 2236 2,
1666 2212 1694 2240 p.
1720 2202 1790 2231 554.
1818 2218 1858 2221 —-
1881 2203 1986 2230 Botan.

531 2258 661 2292 Magaz„
693 2262 713 2284 t.
745 2256 837 2284 2863.
864 2271 902 2276 -—
929 2256 1009 2283 Torr.
1041 2259 1069 2283 et
1093 2256 1169 2292 Gray
1194 2255 1237 2282 Fl.
1263 2255 1294 2282 of
1314 2254 1408 2282 North
1432 2254 1543 2287 Aineia,
1573 2264 1599 2291 p.
1625 2254 1697 2281 4:24.
1724 2270 1763 2273 ——
1787 2254 1917 2291 Bigelow
1940 2253 1984 2282 FI.

531 2310 651 2337 Boston.
676 2308 719 2336 ed.
746 2309 779 2341 2,
805 2318 832 2345 p.
859 2308 930 2335 208.
956 2323 995 2326 -
1021 2307 1140 2344 Spreng.
1168 2307 1243 2344 Syst.
1268 2306 1339 2343 Veg.
1365 2306 1398 2339 2,
1425 2316 1451 2343 p.
1478 2305 1549 2333 543.

467 2360 508 2390 G.
531 2359 685 2390 radiatum
715 2358 735 2396 β
764 2357 867 2388 Peckiz'
894 2360 929 2386 A.
960 2359 1035 2396 Gray
1059 2359 1139 2386 Man.
1166 2358 1197 2386 of
1218 2358 1265 2385 the
1294 2358 1406 2395 Botany
1429 2357 1460 2385 of
1481 2357 1527 2385 the
1552 2356 1645 2384 North
1669 2357 1764 2384 Amer.
1791 2356 1870 2385 Unit.
1898 2357 1986 2391 Stat.‚

531 2423 558 2450 p.
587 2413 656 2440 152.

508 2486 615 2517 Habit.
644 2487 676 2516 in
706 2484 852 2515 America
882 2483 1139 2523 septentrionali,
1170 2485 1204 2513 ut
1232 2483 1264 2513 in
1293 2483 1386 2514 Nova
1415 2482 1534 2522 Anglia
1562 2483 1595 2514 in
1623 2482 1754 2514 ’'White
1777 2482 1987 2513 Mountains’·

359 2539 410 2579 (E.
429 2539 653 2570 TnoKERMAN
676 2536 708 2567 in
731 2534 839 2566 hei-bb.
858 2534 1068 2573 WAHLENB.,
1092 2533 1215 2573 Fssnzs,
1233 2545 1330 2566 muss.
1348 2535 1541 2574 Holmiens,
1563 2535 1732 2575 Hafm‘ens.
1749 2538 1781 2566 et
1799 2534 1987 2570 Christian„
