2134 3034
421 161 465 194 16
993 158 1037 193 N.
1063 157 1147 194 JOH.
1176 158 1362 202 SCHEUTZ,

516 260 710 303 LINNAEUS,
744 271 847 295 usum
881 259 1084 306 plantarum
1119 271 1261 307 semper
1295 259 1572 306 diligentissime
1601 261 1815 306 observans,
1844 260 1880 295 in
1907 259 1998 296 flora

368 318 522 354 Suecica
550 318 652 362 dicit,
681 318 841 354 radicem
875 319 942 354 Gez'
967 320 1098 354 urbani
1123 320 1258 366 pellere
1287 319 1555 365 exanthemata,
1587 320 1799 356 cerevisiam
1831 320 1997 365 fragran-

365 377 489 413 tiorem
517 378 637 413 facere
666 382 701 412 et
728 378 773 413 ab
802 378 1009 413 acescentia
1036 389 1261 414 conservare.
1315 378 1475 415 RETZIUS
1509 391 1611 425 vero,
1646 380 1748 426 cujus
1783 378 1873 414 flora
1901 389 1995 414 oeco-

365 436 506 471 nomica
534 436 673 472 Sueciae
702 437 836 483 optimo
859 438 941 483 jure
970 442 1114 484 putatur
1142 438 1310 484 egregia,
1338 442 1463 484 negat,
1495 450 1575 474 eam
1604 439 1649 475 ab
1674 438 1878 475 acescentia
1897 449 1995 474 cere-

365 495 494 531 visiam
523 507 739 531 conservare
766 508 886 543 posse.

517 554 558 590 In
592 554 693 590 Actis
729 554 821 601 Reg.
852 555 981 592 Societ.
1016 555 1144 591 Medic.
1186 556 1398 592 Hafniensis
1431 559 1542 602 1781,
1571 556 1653 593 Vol.
1680 557 1697 592 I
1723 557 1892 603 leguntur
1920 554 1994 592 Ob-

365 614 589 649 servationes
623 614 720 649 cirea
752 614 885 650 radicis
928 614 998 651 Gei
1038 615 1164 651 urbani
1201 627 1265 651 seu
1303 615 1597 663 Caryophyllatae
1632 616 1726 652 vires
1758 616 1794 651 in
1833 615 1994 651 febribus

363 673 546 720 praecipue
574 673 887 710 intermittentibus
915 674 1068 721 aliisque
1096 675 1245 720 morbis,
1274 675 1448 710 institutae
1476 687 1498 710 a
1524 675 1617 711 RUD.
1637 674 1863 719 BUCHHAVE,
1884 686 1905 709 a
1924 685 1993 720 quo

363 732 467 768 radix
494 733 587 767 inter
611 733 838 768 succedanea
865 734 1007 769 corticis
1037 733 1165 770 Chinae
1192 746 1256 770 seu
1282 734 1477 770 Peruviani
1508 734 1663 769 maxime
1691 733 1868 769 laudatur.

515 791 680 827 Praeside
709 791 749 828 O.
778 792 819 828 P.
849 792 1061 828 THUNBERG
1089 793 1294 829 dissertatio
1322 792 1648 829 botanico-medica
1680 793 1724 828 de
1758 794 1830 828 Geo
1857 793 1993 828 urbano

363 862 457 886 anno
495 852 590 886 1827
626 851 722 886 edita
757 856 812 887 est
845 863 866 887 a
899 852 946 887 M.
982 851 1027 888 G.
1060 852 1309 898 Linderholm,
1343 864 1388 888 ex
1414 864 1484 899 qua
1512 852 1765 888 dissertatione
1794 852 1992 898 colligitur,

363 909 521 946 radicem
556 909 628 946 Gei
661 911 788 946 urbani
832 911 1013 958 praecipue
1052 911 1237 947 efficacem
1280 922 1362 948 esse
1396 912 1433 947 in
1465 912 1626 947 febribus
1660 911 1992 955 intermittentibus,

362 969 528 1004 nervosis
557 973 592 1004 et.
618 969 786 1016 putridis,
813 970 847 1005 in
876 970 1083 1017 dysenteria
1109 970 1167 1006 vel
1194 971 1313 1018 potius
1339 971 1375 1006 in
1402 971 1598 1013 diarrhoea,
1627 971 1663 1006 in
1691 970 1940 1006 amenorrhoea
1959 973 1994 1005 et

362 1027 445 1063 inde
474 1032 552 1063 orta
580 1028 749 1072 chlorosi,
778 1029 814 1064 in
839 1030 1021 1066 cachexiis
1048 1030 1175 1072 variis,
1205 1030 1241 1065 in
1269 1030 1471 1075 arthritide,
1492 1031 1527 1066 in
1547 1031 1638 1066 tussi
1658 1030 1875 1066 convulsiva.
1919 1028 1993 1066 Sed

363 1088 441 1134 ejus
474 1088 529 1123 vis
563 1088 696 1134 pendet
729 1100 863 1135 magna
899 1100 943 1124 ex
978 1094 1095 1136 parte,
1126 1101 1194 1136 quo
1222 1094 1382 1136 tempore
1411 1090 1458 1125 sit
1484 1090 1636 1125 collecta
1662 1094 1697 1125 et
1725 1088 1900 1136 quomodo
1930 1099 1990 1123 ex-

362 1147 512 1187 siccata;
542 1158 610 1193 quo
640 1148 732 1183 enim
761 1149 875 1194 major
901 1149 997 1185 illius
1024 1149 1112 1185 odor
1135 1153 1170 1184 et
1196 1160 1320 1196 sapor,
1342 1160 1384 1184 eo
1404 1150 1575 1195 majorem
1596 1160 1735 1195 quoque
1755 1149 1826 1184 vim
1846 1147 1991 1183 exserit.

515 1207 694 1254 Analysin
729 1207 925 1243 chemicam
959 1208 1092 1244 radicis
1121 1207 1192 1244 Gei
1226 1208 1354 1243 urbani
1388 1208 1646 1244 TROMSDORFF
1674 1208 1791 1244 attulit
1817 1208 1853 1243 in
1880 1218 1992 1243 neues

361 1265 486 1302 ‹Journ¹
515 1267 537 1301 f.
567 1266 598 1300 d.
627 1266 770 1302 Pharm.
798 1267 848 1302 H:
881 1270 910 1302 1.
965 1267 1121 1314 Leipzig
1153 1269 1258 1303 1818.

514 1325 664 1361 PETRUS
697 1325 828 1371 KALM,
862 1326 1058 1373 discipulus
1090 1327 1248 1372 Linnaei,
1281 1327 1453 1373 narravit,
1491 1326 1728 1364 Oanadenses
1758 1327 1793 1361 in
1822 1325 1992 1362 America

362 1384 498 1420 boreali
524 1385 575 1420 uti
602 1385 725 1420 radice
759 1387 827 1421 Gez'
851 1386 972 1421 rivalis
998 1386 1077 1421 loco
1107 1386 1250 1422 corticis
1278 1385 1405 1422 Chinae
1429 1386 1465 1421 in
1484 1386 1644 1422 febribus
1663 1384 1990 1421 intermittentibus.

363 1443 445 1488 Qua
470 1444 674 1480 narratione
701 1449 897 1480 commotus
924 1445 966 1480 P.
993 1444 1026 1480 J.
1054 1444 1222 1481 BERGIUS
1250 1445 1403 1481 instituit
1428 1445 1582 1492 plurima
1616 1445 1861 1492 experimenta
1888 1455 1990 1491 prac-

361 1503 448 1548 tica,
479 1515 560 1550 quae
586 1504 623 1538 in
649 1504 752 1539 Actis
779 1504 951 1540 Academ.
977 1504 1200 1540 Holmiensis
1223 1506 1356 1552 (1757,
1383 1517 1416 1552 p.
1449 1506 1663 1551 118-439)
1685 1505 1801 1540 relata
1820 1504 1987 1551 probant,

361 1563 520 1598 radicem
555 1562 626 1599 Gei
660 1563 784 1599 rivalis
817 1575 915 1611 saepe
947 1575 1093 1599 curasse
1133 1564 1253 1600 febres
1293 1564 1585 1610 intermittentes,
1628 1564 1736 1599 etiam
1768 1567 1988 1611 protractas,

362 1633 461 1669 saepe
490 1622 691 1657 diarrhoeas
715 1622 917 1666 chronicas,
947 1634 1046 1670 saepe
1074 1635 1213 1670 quoque
1246 1623 1540 1669 haemorrhagias.
1576 1623 1667 1667 ,Sed
1695 1635 1801 1670 quum
1829 1623 1991 1659 adhibita

361 1682 465 1717 radix
492 1681 669 1717 interdum
696 1693 764 1717 non
793 1686 892 1718 curet
924 1683 1043 1718 febres
1077 1682 1365 1727 intermittentes,
1400 1694 1502 1718 usum
1536 1683 1680 1719 corticis
1708 1682 1835 1719 Chinae
1862 1682 1989 1718 tollere

361 1752 432 1777 non
459 1741 587 1788 potuit,
616 1752 726 1787 quare
754 1741 888 1777 nostris
916 1741 1135 1788 temporibus
1163 1753 1249 1777 usus
1277 1743 1352 1777 fere
1381 1741 1497 1778 desiit.

516 1799 734 1836 GLEDITSCH
762 1800 870 1836 habet
898 1799 1015 1836 Geum
1043 1800 1156 1835 rivale
1183 1801 1220 1836 in
1247 1812 1393 1836 numero
1422 1812 1544 1836 earum
1567 1801 1784 1848 plantarum,
1814 1813 1894 1848 quae
1918 1802 1991 1837 sint

361 1865 456 1907 aptae
491 1860 537 1895 ad
573 1859 670 1896 coria
704 1859 943 1905 conficienda3
978 1859 1043 1894 sed
1071 1860 1195 1906 credo,
1226 1872 1361 1907 paucos
1390 1860 1586 1907 agricolas,
1615 1860 1646 1895 si
1674 1872 1903 1908 quemquam,
1931 1873 1988 1897 ra-

361 1919 500 1955 dicibus
531 1919 636 1965 hujus
661 1919 795 1966 plantae
823 1918 1037 1954 effodiendis
1065 1930 1131 1954 sua
1158 1924 1261 1966 prata
1289 1920 1488 1967 depravare
1515 1919 1619 1955 velle.

680 2122 890 2160 OLAVIS
931 2123 1265 2160 SYNOPTICA
1306 2122 1658 2160 SEOTIONUM.

511 2217 639 2253 Donec
665 2217 817 2263 exiguus
843 2229 1010 2253 numerus
1039 2218 1239 2265 specierum
1267 2218 1434 2264 cognitus
1459 2222 1550 2264 erat,
1569 2219 1605 2254 in
1625 2218 1804 2254 sectiones
1824 2217 1986 2254 dividere

360 2276 525 2322 cognitas
560 2276 702 2323 species
737 2288 807 2312 non
836 2288 926 2324 opus
961 2281 1052 2323 erat3
1083 2281 1267 2313 crescente
1294 2288 1379 2312 vero
1408 2289 1554 2313 numero
1582 2278 1797 2325 specierum,
1826 2278 1986 2314 botanici

359 2336 538 2371 finxerunt
565 2336 708 2371 omnino
736 2336 982 2372 necessarium
1010 2347 1194 2372 assumere
1224 2337 1403 2372 sectiones
1433 2337 1624 2383 quasdam,
1647 2348 1715 2383 quo
1737 2337 1865 2373 clarior
1883 2337 1987 2373 fieret

360 2399 574 2442 conspectus
602 2399 638 2430 et
665 2394 858 2442 descriptio
887 2395 1096 2442 specierum.
1150 2395 1225 2430 Alii
1250 2395 1341 2431 alias
1369 2396 1527 2442 ingressi
1552 2401 1634 2432 sunt
1661 2396 1738 2432 vias
1767 2396 1814 2431 ad
1841 2397 1984 2444 species

359 2454 395 2489 in
423 2454 600 2490 sectiones
628 2453 911 2501 distribuendas3
939 2466 1005 2490 nos
1032 2455 1252 2490 clarissimos
1280 2454 1361 2490 illos
1390 2454 1555 2491 SERINGE
1586 2459 1622 2491 et
1654 2456 1809 2501 MEYER,
1838 2456 1985 2502 generis

358 2513 643 2560 monographos,
677 2513 819 2549 mutatis
855 2514 1034 2550 mutandis
1068 2514 1181 2550 secuti
1214 2525 1346 2549 sumus.
1400 2514 1494 2551 Num
1528 2514 1657 2550 divisio
1692 2518 1817 2551 nostra
1848 2515 1895 2550 sit
1921 2526 1985 2550 na—
