2134 3034
563 223 683 258 Musm
710 233 755 258 m·
783 224 989 260 HEPA'HCAE
1018 225 1238 262 OELANDIAE.
1626 231 1669 264 19

252 322 303 353 Ad
328 323 431 353 Tveta
454 323 485 353 in
510 323 613 353 Acere
638 326 688 353 sat
711 333 805 364 parce
830 334 892 354 una
916 335 983 355 cum
1011 327 1214 359 Ortlzotricho
1239 329 1407 369 &joam-po.
1448 329 1524 360 Sine
1542 328 1637 359 dubio
1657 338 1724 360 ere-

102 373 161 403 scit
185 373 326 413 pluribus
351 373 442 412 loeis,
469 373 527 404 sod
551 373 643 404 facile
668 374 847 413 neglectum
872 379 1003 415 proptor
1027 378 1244 417 exiguitatem.
1270 398 1308 402 —-
1333 380 1374 410 M.

102 451 158 484 66.
218 449 479 484 Orthotrz'clwm
500 450 679 496 pumilmn-
707 449 776 485 Sw.
803 471 853 476 ——
880 451 1036 498 Schimp.
1066 454 1150 500 Syn.
1179 467 1213 501 p.
1242 457 1323 491 263,
1343 477 1393 482 —
1419 456 1557 491 Hartm.
1586 456 1640 491 Fl.
1669 455 1723 491 ed.

266 509 302 549 9,
330 519 363 553 p.
390 509 448 542 48.
475 530 524 533 —
552 506 818 542 Orthotriohum
846 509 957 544 fallax
980 510 1040 544 ΒΓ.
1068 522 1138 546 eur.
1166 513 1237 547 tab.
1269 514 1352 547 211.

248 582 298 613 Ad
334 582 465 613 arbores
500 582 641 623 pluribus
676 583 769 623 loeis,
806 584 992 623 plerumque
1027 595 1102 616 vero
1133 597 1243 626 parce,
1274 598 1302 619 v.
1328 598 1354 619 0.
1389 588 1527 629 Ottenby
1556 590 1587 620 in
1612 589 1720 629 horto,

98 633 291 674 Morbylilla,
318 632 483 673 Skogsby,
509 632 714 664 Thorslunda
738 633 780 663 ad
805 635 969 674 templum,
995 635 1085 666 Roda
1110 655 1149 658 —
1174 647 1200 668 0.
1224 639 1260 669 fr.
1286 657 1324 659 —
1349 639 1387 669 A.
1412 639 1451 669 M.
1477 639 1512 670 B.

102 711 159 744 67.
216 710 478 744 Ortlzotrz'clmm
511 711 616 757 qffine
649 708 797 744 Schrad.
827 731 872 736 —
900 710 1056 757 Sohimp.
1090 712 1174 759 Syn.
1200 726 1233 760 p.
1269 716 1351 749 265.
1382 737 1432 741 —-
1463 715 1521 750 Br.
1550 727 1622 750 cur.
1650 716 1721 751 tab.

263 769 345 804 216.
373 789 423 793 -
453 767 591 803 Hartm.
616 767 670 802 Fl.
699 767 752 802 ed.
782 770 821 810 9,
850 780 883 814 p.
911 771 968 803 48.

248 844 299 875 Ad
329 844 458 875 arbores
488 844 631 884 pluribus
662 844 755 883 locis,
781 853 810 874 v.
835 853 861 873 0.
887 843 1121 885 Ottenbylund,
1146 833 1228 886 Abs,
1255 847 1455 888 Wentlinge,
1482 850 1598 889 Tveta,
1626 849 1720 880 Stora

99 895 180 935 Bor,
205 895 309 933 Horu,
335 894 424 925 Bijda
449 904 548 935 prope
573 894 739 934 templum,
763 893 854 924 Boda
878 894 1063 935 kronopark
1085 915 1125 918 -—
1150 906 1176 927 0.
1200 897 1237 928 fr.
1262 916 1302 919 ——
1326 898 1362 928 A.
1387 899 1428 929 M.
1452 900 1488 930 B.

100 973 156 1007 68.
216 971 475 1006 Orthotrz’elmm
503 971 730 1018 jhstiyz’atum
767 969 897 1004 Bruoh.
925 992 976 996 —
1004 971 1158 1018 Schimp.
1194 972 1278 1019 Syn.
1310 985 1343 1020 p.
1376 976 1459 1010 266.
1486 997 1535 1001 —
1562 975 1620 1010 ΒΓ.
1648 987 1719 1011 eur.

263 1030 333 1064 tab.
363 1031 446 1064 216.
471 1050 521 1055 -
546 1028 685 1063 Hartm.
712 1028 767 1063 Fl.
792 1027 845 1062 ed.
873 1029 910 1072 9,
939 1040 972 1075 p.
1000 1031 1058 1064 48.

246 1104 297 1136 Ad
321 1105 452 1135 arbores
475 1103 619 1144 pluribus
644 1103 739 1144 locis,
765 1114 793 1135 v.
820 1113 845 1134 0.
872 1103 1013 1145 Ottenby
1035 1106 1067 1136 in
1097 1105 1187 1138 horto
1218 1108 1363 1148 copiose,
1389 1109 1595 1140 Thorslunda
1618 1119 1717 1149 prope

93 1157 246 1197 templum
270 1175 309 1178 ν-
334 1165 360 1186 0.
384 1155 422 1186 fr.
446 1174 486 1177 ——
510 1155 546 1185 A.
572 1154 613 1185 M.

96 1235 152 1269 69.
213 1233 472 1267 Ονῑῆοΐνὶσῆιῃη
499 1231 687 1279 speciosum
715 1230 759 1265 N.
786 1243 817 1265 v.
844 1231 907 1266 Es.
935 1253 984 1257 ——-
1015 1231 1170 1279 Schimp.
1200 1233 1284 1281 Syn.
1312 1247 1347 1281 p.
1377 1238 1458 1271 270.
1486 1258 1536 1262 —
1562 1236 1620 1270 ΒΓ.
1646 1247 1717 1270 eur.

256 1291 328 1326 tab.
359 1292 441 1325 217.
469 1312 518 1316 —
541 1289 681 1324 Hartm.
707 1288 762 1323 Fl.
792 1288 846 1323 ed.
877 1290 913 1333 9,
942 1300 976 1334 p.
1005 1292 1063 1325 48.

244 1365 295 1397 Ad
318 1366 446 1396 arbores
472 1368 522 1395 sat
545 1365 678 1404 vulgare
701 1373 758 1404 per
781 1367 881 1395 totam
907 1364 1099 1396 Oelandiam
1123 1366 1162 1397 ab
1189 1366 1329 1409 Ottenby
1355 1369 1396 1400 ad
1412 1369 1504 1401 Roda
1522 1390 1557 1393 ψ
1578 1381 1604 1404 0,
1623 1373 1658 1403 fr.
1677 1391 1717 1394 ——

92 1418 130 1449 A.
155 1418 196 1448 M.
219 1417 256 1448 Β.

95 1488 151 1522 70.
212 1485 472 1520 Ονῐήοτνὶσῆῑιφη
505 1489 660 1529 rupestre
692 1482 868 1518 Sohleioh.
903 1506 949 1510 —
985 1484 1140 1531 Schimp.
1176 1484 1260 1532 Syn.
1294 1498 1327 1532 p.
1362 1489 1444 1523 270.
1476 1510 1525 1515 —
1556 1489 1615 1525 ΒΓ.
1645 1502 1717 1526 eur.

258 1543 328 1578 tab.
358 1544 440 1577 217.
469 1564 517 1568 —
545 1541 684 1576 Hartm.
711 1541 765 1576 Fl.
793 1540 846 1576 ed.
876 1543 915 1586 9,
942 1554 976 1588 p.
1006 1544 1064 1577 47.

241 1618 293 1649 Ad
323 1627 442 1656 muros,
472 1617 599 1658 lapides
632 1620 663 1647 et
691 1626 772 1647 saxa
800 1617 1002 1656 granitoidea
1026 1620 1078 1649 sat
1103 1618 1235 1658 vulgare
1258 1628 1314 1660 per
1338 1623 1436 1652 totam
1461 1622 1652 1655 Oelandiam
1675 1626 1715 1657 ab

94 1670 235 1710 Ottenby
259 1672 290 1700 et
312 1656 380 1699 Ᾰῂε
405 1669 495 1699 alvar
519 1668 560 1699 ad
583 1667 676 1698 Roda
699 1685 739 1689 -
764 1677 790 1699 c.
814 1668 851 1699 fr.
879 1687 918 1690 -
940 1669 976 1700 A.
1002 1669 1043 1699 M.
1068 1669 1104 1700 B.

95 1741 151 1774 71.
212 1737 470 1773 Orthotrz‘clzum
497 1737 728 1771 stramineum
756 1735 934 1771 HorllSCh.
954 1759 998 1763 -—
1016 1737 1172 1784 Schimp.
1202 1738 1286 1785 Syn.
1316 1751 1348 1785 p.
1380 1742 1461 1776 272.
1482 1764 1532 1767 —
1556 1742 1615 1777 ΒΓ.
1645 1755 1716 1781 eur.

257 1796 329 1831 tab.
357 1797 440 1830 218.
463 1817 507 1820 -
536 1794 675 1829 Hartm.
703 1793 758 1828 Fl.
789 1794 843 1829 ed.
872 1796 908 1839 9,
938 1807 971 1841 p.
1001 1797 1059 1831 49.

243 1871 294 1902 Ad
329 1871 458 1901 arbores
491 1869 634 1910 pluribus
664 1869 757 1908 locis,
787 1870 948 1910 praecipue
978 1871 1127 1911 frequens
1156 1873 1198 1903 ad
1226 1874 1415 1913 Borgholm,
1443 1886 1472 1907 v.
1496 1886 1522 1908 0.
1553 1878 1585 1908 in
1615 1881 1717 1920 pratis

88 1924 181 1965 juxta
208 1931 296 1953 mare
323 1921 489 1952 meridiem
519 1930 645 1960 VersuS,
676 1919 868 1960 Borgholms
899 1922 1123 1953 slottsbranter
1151 1924 1294 1965 copiose,
1321 1925 1634 1967 Kungstrztdgiirden
1658 1934 1717 1963 ete.

95 1974 241 2005 Ceterum
262 1972 385 2013 passim
410 1971 590 2012 dispersum
613 1980 671 2011 per
695 1970 887 2002 Oelandiam
911 1972 1048 2003 mediam
1071 1984 1100 2004 v.
1118 1983 1144 2004 0.
1163 1974 1281 2015 Tveta,
1301 1976 1446 2008 Runsten
1464 1997 1504 2000 —
1522 1988 1547 2009 0.
1564 1981 1601 2011 fr.
1620 2000 1659 2004 —
1676 1982 1717 2013 M.

96 2052 152 2086 72.
213 2049 475 2084 Orthotrichum
503 2047 723 2095 diaplzanum
751 2048 899 2084 Schrad.
928 2071 977 2075 —
1001 2048 1157 2096 Schimp.
1186 2049 1270 2097 Syn.
1298 2063 1331 2097 p.
1362 2054 1444 2088 277.
1475 2077 1525 2081 —
1555 2056 1614 2092 ΒΓ.
1644 2069 1715 2094 eur.

258 2108 329 2142 tab.
359 2107 441 2141 219.
474 2127 518 2131 -
546 2106 686 2141 Hartm.
712 2106 767 2141 Fl.
796 2107 850 2141 ed.
882 2109 920 2151 9,
948 2119 981 2153 p.
1011 2109 1069 2143 47.

244 2182 295 2213 Ad
321 2181 452 2212 arbores
477 2181 556 2212 satis
578 2191 690 2222 parce,
716 2192 744 2213 v.
769 2192 795 2212 0.
819 2182 1000 2222 M'orbylilla
1023 2182 1055 2212 in
1078 2183 1219 2216 Fraxino
1236 2195 1299 2215 una
1318 2195 1387 2216 011111
1408 2188 1560 2219 Barbula
1577 2191 1717 2231 Zoevipila

95 2237 126 2265 et
150 2233 353 2264 Orthotricho
379 2233 520 2272 pumilo,
553 2231 595 2261 ad
619 2232 769 2272 templum
794 2232 1000 2263 Thorslunda
1023 2233 1055 2263 in
1078 2233 1202 2274 Populo
1220 2237 1424 2275 pyramidali
1446 2247 1510 2269 una
1534 2249 1603 2270 oum
1628 2242 1717 2273 Βαν-

93 2285 169 2315 bula
191 2284 300 2314 rurali
324 2286 355 2313 et
379 2283 582 2313 Ortlzotrz'cho
602 2283 726 2322 pumilo
751 2301 791 2304 —
817 2292 841 2314 0.
867 2283 903 2314 fr.
930 2302 968 2305 —-
994 2283 1032 2315 A.
1055 2284 1096 2315 M.

96 2362 152 2396 73.
213 2359 474 2394 Orthotrz‘clzum
502 2360 714 2406 Zejocarpum
741 2358 800 2393 ΒΓ.
831 2369 902 2395 eur.
933 2359 1003 2393 tab.
1034 2361 1117 2394 220.
1140 2382 1183 2386 -
1207 2361 1362 2409 Schimp.
1391 2363 1474 2411 8311.
1500 2377 1534 2411 p.
1565 2368 1646 2403 278.
1667 2391 1717 2396 ᾖ

260 2417 398 2452 Hal-tm.
425 2417 480 2452 Fl.
510 2417 563 2453 ed.
593 2419 630 2461 9,
660 2428 693 2463 p.
722 2418 781 2451 47.

242 2493 292 2524 Ad
328 2492 460 2524 arbores
495 2502 606 2532 parce,
642 2503 670 2523 v.
702 2502 727 2522 0.
765 2492 867 2522 Tveta
900 2491 932 2522 in
966 2491 1070 2523 Acere
1105 2503 1168 2524 una
1203 2504 1272 2524 cum
1299 2496 1501 2528 Ortlzoz‘rz'clzo
1525 2501 1651 2540 pzzmilo
1676 2521 1716 2524 —u

93 2554 120 2575 0.
144 2544 179 2575 fr.
205 2562 243 2566 —
270 2543 310 2574 M·
