2134 3034
604 213 724 248 Mrscl
753 223 796 249 m*
824 215 1031 251 Hni‘A‘ffl'AE
1061 216 1281 252 OELANDIAE.
1657 222 1704 255 43

295 312 346 344 Ad
375 315 493 343 terram
517 313 599 344 inter
622 315 815 354 νος-0131111111
843 316 970 356 putrida
1001 327 1071 348 raro
1100 321 1131 349 et
1162 321 1283 349 tantum
1308 328 1403 360 parce
1428 323 1587 360 repertum
1611 320 1642 351 in
1666 319 1759 352 Roda

132 364 326 405 kronopark.
350 382 390 385 -—
415 364 449 394 B.

135 443 189 477 13.
242 441 531 488 szffermannia
561 441 757 476 catenulam
784 441 878 477 Hi'1b.
909 465 956 469 —
984 444 1068 491 Syn.
1097 445 1190 491 Hep.
1220 458 1253 493 p.
1286 448 1366 481 138.
1392 469 1440 473 —
1469 447 1512 483 N.
1531 459 1562 482 v.
1583 447 1644 483 Es.
1665 447 1758 495 Hep.

299 510 369 534 eur.
398 499 449 544 ΙΙ,
477 511 510 546 p.
539 501 621 534 248.
650 521 700 525 —
727 500 864 537 Hartm.
892 502 945 538 ΓΙ.
975 502 1027 538 ed.
1059 505 1097 547 9,
1126 515 1159 549 p.
1190 506 1246 539 93.

282 577 318 606 In
342 575 500 606 umbrosis
524 576 675 606 silvarum
699 575 740 606 ad
765 579 882 606 terram
906 579 937 607 et
963 577 1051 617 ligna
1074 579 1203 618 putrida
1226 580 1367 621 pluribus
1392 581 1491 622 locis,
1516 592 1545 613 v.
1570 592 1596 613 o.
1621 582 1651 613 in
1677 582 1758 613 silva

130 627 270 658 abietina
298 627 380 657 inter
410 626 536 657 Saxn'zis
565 630 597 657 et
625 627 778 667 Romula,
809 627 841 657 in
870 628 959 658 silvis
989 638 1088 669 prope
1116 630 1205 661 Horu
1235 632 1484 672 septentrionem
1515 642 1642 669 versus,
1668 633 1758 664 B'oda

129 678 314 719 kronopark
339 678 444 709 multis
468 678 548 708 loeis
574 677 747 708 seeundum
772 679 915 709 semitas.
940 698 979 700 —
1003 680 1044 711 M.
1068 680 1104 711 Β.

133 758 188 791 14.
242 755 532 803 szfsermcmnia
559 754 774 802 bicuspz‘dczta
801 754 843 788 L.
871 776 922 780 —
946 754 1030 802 Syn.
1060 755 1153 803 Hep.
1181 769 1215 803 p.
1245 761 1325 796 138.
1354 782 1403 785 —
1435 760 1479 795 N.
1510 772 1541 795 V.
1571 761 1632 797 Es.
1665 761 1757 808 Hep.

297 826 367 851 eur.
397 814 446 860 H,
472 825 507 860 p.
535 815 617 850 351,
645 836 694 840 —
720 813 859 848 Hartm.
886 813 941 848 Fl.
970 813 1022 851 ed.
1054 816 1089 860 9,
1118 828 1151 862 p.
1182 818 1239 853 93.

280 891 331 922 Ad
354 894 473 922 terram
498 890 661 921 humidam
686 893 717 921 et
741 890 829 930 ligna
852 890 981 931 putrida
1004 892 1146 932 pluribus
1169 893 1264 934 loeis,
1290 904 1317 925 v.
1342 904 1367 925 e.
1393 895 1425 925 in
1450 895 1532 926 silva
1555 896 1695 927 abietina
1712 897 1759 927 in-

128 947 176 974 ter
200 942 327 974 Saxniis
352 945 383 973 et
406 941 543 972 Rohfflla
567 951 630 972 una
654 950 724 971 oum
750 942 1016 981 szyermamziis
1038 944 1155 980 ineisa,
1181 945 1407 985 triehoplzylla,
1432 947 1614 977 catenulam
1638 950 1668 977 et
1692 948 1756 978 Le-

124 995 254 1034 pido:ia
276 998 436 1033 reptante,
462 992 504 1023 ad
527 992 690 1031 margines
716 992 875 1023 fossarum
901 1003 999 1034 prope
1023 995 1157 1035 paludes
1181 995 1264 1026 inter
1288 996 1452 1035 Trogstad
1476 1000 1507 1027 et
1523 998 1672 1038 templum
1691 998 1756 1029 Ko-

128 1045 208 1085 ping
239 1055 302 1075 una
334 1054 405 1075 eum
435 1044 621 1075 Alionlaria
649 1043 771 1073 scalari
794 1046 826 1074 et
851 1044 1040 1086 Calypogyejco
1069 1047 1292 1083 Trichomcme,
1316 1046 1507 1086 Borgholms
1531 1048 1757 1079 slottsbranter

129 1105 193 1127 una
223 1105 294 1126 eum
326 1095 524 1137 Zoplcocolea
551 1095 684 1131 minori,
713 1093 805 1125 Beda
826 1094 1009 1135 kronopark
1032 1098 1138 1128 multis
1163 1097 1242 1128 loeis
1264 1097 1393 1138 copiose
1416 1116 1456 1119 —
1481 1107 1507 1129 e.
1532 1099 1568 1129 fr.
1593 1117 1633 1120 —
1657 1099 1697 1130 M.
1721 1099 1758 1131 B.

135 1173 192 1210 15.
245 1171 535 1219 Junfsermamzia
561 1171 746 1206 convivens
772 1171 900 1209 DickS.
928 1195 979 1199 --
1007 1173 1090 1221 Syn.
1119 1174 1212 1221 Hep.
1240 1186 1273 1221 p.
1304 1177 1385 1210 141.
1404 1197 1454 1201 ——
1472 1175 1515 1210 N.
1534 1187 1565 1212 V.
1585 1175 1646 1211 ΕΞ.
1666 1175 1748 1222 Hep

292 1242 366 1266 eur.
394 1230 444 1275 ΙΙ,
474 1242 506 1276 p.
537 1231 619 1266 283.
647 1252 696 1255 —
722 1230 862 1267 Hartm.
891 1231 945 1266 ΓΙ.
975 1231 1028 1268 ed.
1060 1234 1097 1277 9,
1126 1244 1160 1279 p.
1190 1234 1248 1271 94.

279 1307 317 1337 In
339 1305 431 1337 Boda
455 1305 641 1347 kronopark
667 1306 739 1338 aliis
764 1308 933 1348 Hepaticis
956 1308 1109 1340 immixta.
1141 1328 1175 1331 —
1198 1310 1234 1341 B.

132 1385 188 1419 16.
241 1383 533 1432 chnyermamzz‘cc
561 1384 743 1432 czcrvg'fhlia
770 1383 899 1421 DiCkS.
927 1406 977 1411 ——
1005 1385 1090 1433 Syn.
1119 1386 1212 1433 Hep.
1240 1399 1274 1433 p.
1298 1387 1380 1421 142.
1400 1409 1449 1411 —
1468 1386 1511 1423 N.
1531 1399 1562 1423 V.
1581 1387 1643 1423 Es,
1663 1387 1756 1433 Hep.

294 1454 365 1479 eur.
393 1443 443 1488 Π,
472 1454 505 1489 p.
536 1444 619 1478 277.
646 1465 696 1469 —
722 1442 860 1479 Hartm.
886 1443 941 1478 Fl.
971 1444 1025 1479 ed.
1057 1446 1096 1490 9,
1124 1457 1158 1492 p.
1188 1447 1246 1480 94.

278 1519 370 1550 Boda
406 1518 592 1559 kronopark
627 1518 669 1550 ad
703 1518 792 1559 ligna
820 1519 950 1560 putrida
979 1521 1011 1551 iu
1041 1520 1293 1561 Bogateskogen
1319 1530 1383 1551 una
1407 1530 1478 1552 cum
1500 1521 1757 1561 Sphafflzoeceticle

126 1572 284 1602 communi
307 1573 338 1602 et
363 1571 620 1610 szyermmmicc
645 1571 843 1611 bicnspidata
869 1574 920 1602 sat
942 1581 1040 1612 parce
1063 1574 1096 1602 at
1120 1571 1299 1612 perianthio
1322 1572 1487 1603 instructa.
1510 1590 1553 1594 —
1576 1572 1611 1603 B.

279 1629 411 1671 Forma,
441 1639 511 1670 quae
541 1629 574 1660 in
603 1629 763 1662 Oelandia
789 1630 962 1667 invenitur,
987 1631 1102 1662 eadem
1128 1633 1178 1661 est
1201 1640 1239 1661 ao
1262 1630 1294 1661 in
1318 1631 1489 1672 peninsula
1514 1630 1753 1672 Soandinaviae,

128 1689 242 1721 nempe
265 1691 334 1712 var.
359 1683 379 1721 β
403 1682 531 1711 Baueri
553 1681 631 1722 Syn.
656 1681 736 1722 Hep.
761 1681 780 1712 l.
805 1691 832 1712 o.
879 1681 1079 1722 Quamquam
1103 1681 1172 1712 haee
1197 1682 1324 1722 speeies
1349 1681 1434 1723 apud
1457 1692 1515 1713 nos
1540 1686 1591 1714 sat
1614 1692 1685 1713 raro
1709 1682 1755 1713 in-

128 1731 269 1772 venitur,
294 1731 371 1763 mihi
395 1742 459 1763 non
483 1732 613 1763 dubium
638 1735 700 1773 est,
726 1732 801 1772 quin
825 1732 857 1762 in
882 1733 1027 1764 omnibus
1052 1733 1226 1773 provinciis
1251 1732 1375 1764 Sueeiae
1405 1733 1624 1764 meridionalis
1648 1743 1756 1764 oecur—

128 1785 193 1821 rat,
218 1782 363 1822 quamvis
388 1782 536 1823 dispersa
561 1783 602 1814 sit
626 1786 657 1814 et
680 1784 866 1824 plerumque
890 1794 986 1825 parce
1012 1785 1078 1815 suis
1102 1784 1135 1814 in
1155 1784 1234 1815 loeis
1253 1787 1388 1816 creseat.
1433 1784 1470 1815 In
1487 1783 1674 1815 Smolandia
1693 1784 1757 1824 legi

129 1832 171 1864 ad
194 1834 389 1874 Husquarna
412 1843 515 1874 prope
538 1833 727 1874 J'onko'ping
751 1837 782 1865 et
805 1835 837 1866 in
862 1838 969 1865 monte
994 1834 1136 1875 Omberg
1160 1834 1384 1875 Ostrogothiae.

131 1912 187 1946 17.
239 1910 529 1957 szyermamzia
555 1911 784 1958 triclzoplz.3slla
814 1908 857 1945 L.
884 1932 935 1937 —
962 1910 1046 1957 Syn.
1074 1911 1168 1957 Hep.
1196 1922 1229 1957 p.
1261 1913 1342 1948 145.
1368 1934 1418 1938 -
1445 1911 1488 1948 N.
1517 1923 1549 1946 V.
1572 1911 1634 1946 Es.
1662 1911 1755 1958 Hep.

295 1980 366 2006 eur.
395 1968 449 2014 ΙΙ,
477 1981 511 2016 p.
541 1970 623 2005 301.
651 1991 703 1994 —-
729 1969 868 2005 Hartm.
895 1969 950 2005 Fl.
979 1969 1032 2006 ed.
1065 1971 1103 2015 9,
1132 1980 1165 2015 p.
1196 1972 1253 2005 94.

278 2045 330 2077 Ad
352 2046 442 2086 ligna
465 2045 595 2086 putrida
619 2042 865 2085 et'vegetahilia
888 2045 1108 2085 putrescentia
1127 2045 1159 2076 in
1184 2045 1274 2077 silvis
1297 2046 1461 2086 abietinis,
1480 2057 1508 2078 v.
1527 2055 1552 2077 e.
1577 2047 1659 2078 inter
1674 2046 1756 2078 Sax-

128 2101 188 2129 n'as
211 2100 243 2129 et
266 2097 416 2138 R'oh'alla,
441 2097 534 2128 Roda
557 2096 746 2137 kronopark
769 2096 803 2127 in
826 2096 1089 2136 Bogateskogen.
1114 2115 1154 2119 »-
1178 2097 1219 2128 Μ.
1243 2097 1279 2128 Β.

131 2176 188 2210 18.
242 2174 502 2223 Sphaqnoecezis
536 2175 730 2210 communis
767 2173 926 2220 (Dicks.)
957 2196 1007 2200 —
1037 2173 1121 2221 Syn.
1155 2174 1249 2220 Hep.
1276 2185 1310 2220 p.
1341 2175 1423 2209 148.
1456 2194 1506 2200 —
1535 2173 1672 2209 Hartm.
1699 2173 1731 2209 F
1733 2174 1755 2210 1.

292 2232 347 2268 ed.
377 2234 414 2278 9,
442 2245 476 2280 p.
506 2234 564 2268 95.
591 2255 643 2259 ——
668 2232 956 2279 Jungermannia
980 2231 1145 2279 Sphagni
1163 2232 1207 2269 N.
1227 2244 1258 2267 v.
1278 2232 1340 2269 Es.
1359 2231 1452 2279 Hep.
1473 2243 1545 2268 eur.
1564 2232 1596 2277 Ι,
1616 2244 1649 2279 p.
1672 2234 1755 2268 294.

277 2309 315 2340 In
343 2308 513 2349 paludibus
545 2309 628 2340 inter
653 2311 808 2350 Sphayna
837 2311 868 2340 et
897 2309 1086 2339 Dicranum
1115 2309 1300 2346 Schraderz',
1332 2308 1374 2340 ad
1397 2312 1515 2340 terram
1537 2307 1700 2339 humidam
1724 2311 1755 2340 et

128 2359 218 2399 ligna
244 2359 375 2400 putrida
400 2360 543 2400 pluribus
572 2361 665 2402 loeis,
695 2371 724 2392 v.
749 2370 776 2392 e.
805 2360 838 2391 in
868 2359 1039 2400 paludibus
1063 2369 1162 2400 prope
1185 2361 1338 2401 templum
1362 2360 1566 2399 Glomminge
1589 2359 1754 2391 meridiem

129 2419 257 2451 versus,
281 2410 375 2442 Boda
397 2411 586 2452 kronopark
606 2412 749 2453 pluribus
774 2411 852 2442 loeis
877 2413 910 2441 at
932 2410 1095 2451 praeeipue
1117 2410 1150 2441 in
1176 2410 1428 2451 Bogateskogen
1445 2429 1485 2432 —
1504 2419 1530 2441 e.
1547 2410 1584 2442 fr.
1602 2429 1642 2433 —
1658 2410 1699 2442 Μ.
1717 2411 1753 2442 Β.

133 2489 188 2525 19.
241 2488 460 2536 Lophocolea
488 2488 664 2524 bidentata
693 2488 763 2536 (L.)
791 2510 842 2515 —
869 2487 953 2535 Syn.
980 2487 1073 2533 Hep.
1101 2499 1135 2534 p.
1166 2488 1249 2526 159.
1275 2509 1326 2514 -—
1351 2487 1396 2525 N.
1424 2498 1455 2522 v.
1481 2487 1544 2524 Es.
1567 2486 1660 2534 Hep.
1681 2498 1754 2522 eur.

294 2546 345 2593 ΙΙ,
373 2559 407 2594 p.
436 2548 519 2584 327.
547 2569 597 2574 —
624 2547 763 2582 Hartm.
790 2547 844 2584 Fl.
876 2546 930 2583 ed.
960 2548 999 2592 9,
1028 2557 1061 2592 p.
1091 2547 1148 2582 95.
