<?xml version="1.0" encoding="UTF-8"?>
<!DOCTYPE html PUBLIC "-//W3C//DTD XHTML 1.0 Transitional//EN"
    "http://www.w3.org/TR/xhtml1/DTD/xhtml1-transitional.dtd">
<html xmlns="http://www.w3.org/1999/xhtml" xml:lang="en" lang="en">
 <head>
  <title>
</title>
<meta http-equiv="Content-Type" content="text/html;charset=utf-8" />
  <meta name='ocr-system' content='tesseract 3.04.00' />
  <meta name='ocr-capabilities' content='ocr_page ocr_carea ocr_par ocr_line ocrx_word'/>
</head>
<body>
  <div class='ocr_page' id='page_1' title='image "./novaactaregiaeso37kung_0058.png"; bbox 0 0 2134 3034; ppageno 0'>
   <div class='ocr_carea' id='block_1_1' title="bbox 430 210 1403 256">
    <p class='ocr_par' dir='ltr' id='par_1_1' title="bbox 430 210 1403 256">
     <span class='ocr_line' id='line_1_1' title="bbox 430 210 1403 256; baseline -0.004 -6"><span class='ocrx_word' id='word_1_1' title='bbox 430 217 477 250; x_wconf 75' lang='lat'>46</span> <span class='ocrx_word' id='word_1_2' title='bbox 988 210 1023 247; x_wconf 80' lang='lat' dir='ltr'><strong>J.</strong></span> <span class='ocrx_word' id='word_1_3' title='bbox 1051 211 1093 246; x_wconf 88' lang='lat' dir='ltr'><strong>E.</strong></span> <span class='ocrx_word' id='word_1_4' title='bbox 1123 211 1403 256; x_wconf 72' lang='lat' dir='ltr'>ZET&#39;l‘ERSTEDT,</span> 
     </span>
    </p>
   </div>
   <div class='ocr_carea' id='block_1_2' title="bbox 379 310 2015 505">
    <p class='ocr_par' dir='ltr' id='par_1_2' title="bbox 379 310 2015 505">
     <span class='ocr_line' id='line_1_2' title="bbox 531 310 2015 353; baseline -0.001 -9"><span class='ocrx_word' id='word_1_5' title='bbox 531 313 582 344; x_wconf 81' lang='lat' dir='ltr'>Ad</span> <span class='ocrx_word' id='word_1_6' title='bbox 607 316 724 344; x_wconf 84' lang='lat' dir='ltr'>terram</span> <span class='ocrx_word' id='word_1_7' title='bbox 754 311 919 343; x_wconf 81' lang='lat' dir='ltr'>humidam</span> <span class='ocrx_word' id='word_1_8' title='bbox 950 315 981 342; x_wconf 91' lang='lat' dir='ltr'>ct</span> <span class='ocrx_word' id='word_1_9' title='bbox 1011 312 1174 352; x_wconf 80' lang='lat' dir='ltr'>margines</span> <span class='ocrx_word' id='word_1_10' title='bbox 1199 312 1358 343; x_wconf 82' lang='lat' dir='ltr'>fossarum</span> <span class='ocrx_word' id='word_1_11' title='bbox 1382 311 1524 353; x_wconf 82' lang='lat' dir='ltr'>pluribus</span> <span class='ocrx_word' id='word_1_12' title='bbox 1549 311 1643 351; x_wconf 79' lang='lat' dir='ltr'>locis,</span> <span class='ocrx_word' id='word_1_13' title='bbox 1669 321 1699 342; x_wconf 95' lang='lat' dir='ltr'><strong>v.</strong></span> <span class='ocrx_word' id='word_1_14' title='bbox 1724 321 1749 342; x_wconf 91' lang='lat' dir='ltr'>c.</span> <span class='ocrx_word' id='word_1_15' title='bbox 1776 310 2015 352; x_wconf 78' lang='lat' dir='ltr'>Ottenbylund,</span> 
     </span>
     <span class='ocr_line' id='line_1_3' title="bbox 380 361 2013 403; baseline -0.002 -7"><span class='ocrx_word' id='word_1_16' title='bbox 380 366 412 396; x_wconf 89' lang='lat' dir='ltr'>in</span> <span class='ocrx_word' id='word_1_17' title='bbox 437 365 519 395; x_wconf 86' lang='lat' dir='ltr'>silva</span> <span class='ocrx_word' id='word_1_18' title='bbox 547 364 689 394; x_wconf 84' lang='lat' dir='ltr'>abietina</span> <span class='ocrx_word' id='word_1_19' title='bbox 719 364 801 394; x_wconf 85' lang='lat' dir='ltr'>inter</span> <span class='ocrx_word' id='word_1_20' title='bbox 831 362 959 394; x_wconf 69' lang='lat' dir='ltr'>Samus</span> <span class='ocrx_word' id='word_1_21' title='bbox 989 366 1020 393; x_wconf 86' lang='lat' dir='ltr'>et</span> <span class='ocrx_word' id='word_1_22' title='bbox 1048 363 1199 403; x_wconf 63' lang='lat' dir='ltr'>Rohalla,</span> <span class='ocrx_word' id='word_1_23' title='bbox 1225 363 1255 393; x_wconf 86' lang='lat' dir='ltr'>in</span> <span class='ocrx_word' id='word_1_24' title='bbox 1281 363 1377 394; x_wconf 85' lang='lat' dir='ltr'>fossis</span> <span class='ocrx_word' id='word_1_25' title='bbox 1402 372 1501 403; x_wconf 82' lang='lat' dir='ltr'>prope</span> <span class='ocrx_word' id='word_1_26' title='bbox 1527 361 1662 402; x_wconf 83' lang='lat' dir='ltr'>paludes</span> <span class='ocrx_word' id='word_1_27' title='bbox 1687 362 1770 392; x_wconf 86' lang='lat' dir='ltr'>inter</span> <span class='ocrx_word' id='word_1_28' title='bbox 1794 362 1956 402; x_wconf 80' lang='lat' dir='ltr'>Tr&#39;ogstad</span> <span class='ocrx_word' id='word_1_29' title='bbox 1981 365 2013 392; x_wconf 87' lang='lat' dir='ltr'>et</span> 
     </span>
     <span class='ocr_line' id='line_1_4' title="bbox 379 412 2011 455; baseline -0.002 -9"><span class='ocrx_word' id='word_1_30' title='bbox 379 416 531 455; x_wconf 87' lang='lat' dir='ltr'>templum</span> <span class='ocrx_word' id='word_1_31' title='bbox 559 414 705 455; x_wconf 72' lang='lat' dir='ltr'>Koping,</span> <span class='ocrx_word' id='word_1_32' title='bbox 736 413 908 453; x_wconf 78' lang='lat' dir='ltr'>Borgholm</span> <span class='ocrx_word' id='word_1_33' title='bbox 938 414 1021 444; x_wconf 83' lang='lat' dir='ltr'>inter</span> <span class='ocrx_word' id='word_1_34' title='bbox 1049 414 1284 451; x_wconf 14' lang='lat' dir='ltr'>Plzz&#39;lonortz&#39;clem</span> <span class='ocrx_word' id='word_1_35' title='bbox 1304 415 1494 454; x_wconf 63' lang='lat' dir='ltr'>fontaneum,</span> <span class='ocrx_word' id='word_1_36' title='bbox 1524 413 1613 444; x_wconf 68' lang='lat' dir='ltr'>Roda</span> <span class='ocrx_word' id='word_1_37' title='bbox 1638 412 1825 452; x_wconf 81' lang='lat' dir='ltr'>kronopark</span> <span class='ocrx_word' id='word_1_38' title='bbox 1850 412 2011 453; x_wconf 77' lang='lat' dir='ltr'>praecipue</span> 
     </span>
     <span class='ocr_line' id='line_1_5' title="bbox 379 464 946 505; baseline -0.004 -9"><span class='ocrx_word' id='word_1_39' title='bbox 379 466 411 496; x_wconf 89' lang='lat' dir='ltr'>in</span> <span class='ocrx_word' id='word_1_40' title='bbox 435 465 699 505; x_wconf 80' lang='lat' dir='ltr'>Bogateskogen.</span> <span class='ocrx_word' id='word_1_41' title='bbox 724 483 764 486; x_wconf 86' lang='lat'>—</span> <span class='ocrx_word' id='word_1_42' title='bbox 788 465 824 494; x_wconf 99' lang='lat' dir='ltr'><strong>A.</strong></span> <span class='ocrx_word' id='word_1_43' title='bbox 847 464 887 495; x_wconf 89' lang='lat' dir='ltr'>M.</span> <span class='ocrx_word' id='word_1_44' title='bbox 911 464 946 495; x_wconf 87' lang='lat' dir='ltr'><strong>B.</strong></span> 
     </span>
    </p>
   </div>
   <div class='ocr_carea' id='block_1_3' title="bbox 380 538 2011 646">
    <p class='ocr_par' dir='ltr' id='par_1_3' title="bbox 380 538 2011 646">
     <span class='ocr_line' id='line_1_6' title="bbox 380 538 2011 588; baseline -0.002 -12"><span class='ocrx_word' id='word_1_45' title='bbox 380 542 439 577; x_wconf 82' lang='grc'>36.</span> <span class='ocrx_word' id='word_1_46' title='bbox 493 542 643 575; x_wconf 68' lang='lat' dir='ltr'>Anem‘a</span> <span class='ocrx_word' id='word_1_47' title='bbox 669 541 832 588; x_wconf 69' lang='lat' dir='ltr'>palmata</span> <span class='ocrx_word' id='word_1_48' title='bbox 861 540 934 586; x_wconf 88' lang='lat' dir='ltr'>(H.)</span> <span class='ocrx_word' id='word_1_49' title='bbox 963 563 1013 566; x_wconf 91' lang='lat'>——</span> <span class='ocrx_word' id='word_1_50' title='bbox 1041 540 1124 588; x_wconf 82' lang='lat' dir='ltr'>Syn.</span> <span class='ocrx_word' id='word_1_51' title='bbox 1152 540 1245 586; x_wconf 84' lang='lat' dir='ltr'>Hcp.</span> <span class='ocrx_word' id='word_1_52' title='bbox 1274 552 1306 586; x_wconf 91' lang='lat' dir='ltr'>p.</span> <span class='ocrx_word' id='word_1_53' title='bbox 1335 541 1419 575; x_wconf 72' lang='lat'><strong>498.</strong></span> <span class='ocrx_word' id='word_1_54' title='bbox 1447 561 1498 565; x_wconf 86' lang='lat'>——</span> <span class='ocrx_word' id='word_1_55' title='bbox 1524 539 1568 574; x_wconf 90' lang='lat' dir='ltr'>N.</span> <span class='ocrx_word' id='word_1_56' title='bbox 1588 551 1620 573; x_wconf 90' lang='lat' dir='ltr'><strong>v.</strong></span> <span class='ocrx_word' id='word_1_57' title='bbox 1638 538 1700 575; x_wconf 84' lang='lat' dir='ltr'>Es.</span> <span class='ocrx_word' id='word_1_58' title='bbox 1728 538 1821 584; x_wconf 84' lang='lat' dir='ltr'>Hep.</span> <span class='ocrx_word' id='word_1_59' title='bbox 1849 549 1920 574; x_wconf 86' lang='lat' dir='ltr'>cur.</span> <span class='ocrx_word' id='word_1_60' title='bbox 1940 538 2011 583; x_wconf 86' lang='grc' dir='ltr'>ΠΙ,</span> 
     </span>
     <span class='ocr_line' id='line_1_7' title="bbox 547 599 1351 646; baseline -0.001 -12"><span class='ocrx_word' id='word_1_61' title='bbox 547 611 579 646; x_wconf 91' lang='lat' dir='ltr'>p.</span> <span class='ocrx_word' id='word_1_62' title='bbox 608 600 691 635; x_wconf 76' lang='lat'><strong>459.</strong></span> <span class='ocrx_word' id='word_1_63' title='bbox 722 621 770 624; x_wconf 88' lang='lat'>—</span> <span class='ocrx_word' id='word_1_64' title='bbox 797 599 933 634; x_wconf 85' lang='lat' dir='ltr'>Hartm.</span> <span class='ocrx_word' id='word_1_65' title='bbox 964 599 1018 635; x_wconf 81' lang='lat' dir='ltr'>Fl.</span> <span class='ocrx_word' id='word_1_66' title='bbox 1048 599 1102 635; x_wconf 78' lang='lat' dir='ltr'>ecl.</span> <span class='ocrx_word' id='word_1_67' title='bbox 1136 601 1173 643; x_wconf 79' lang='lat'>9,</span> <span class='ocrx_word' id='word_1_68' title='bbox 1203 611 1236 646; x_wconf 87' lang='lat' dir='ltr'>p.</span> <span class='ocrx_word' id='word_1_69' title='bbox 1270 600 1351 633; x_wconf 83' lang='lat'><strong>100.</strong></span> 
     </span>
    </p>
   </div>
   <div class='ocr_carea' id='block_1_4' title="bbox 532 673 1629 716">
    <p class='ocr_par' dir='ltr' id='par_1_4' title="bbox 532 673 1629 716">
     <span class='ocr_line' id='line_1_8' title="bbox 532 673 1629 716; baseline -0.002 -10"><span class='ocrx_word' id='word_1_70' title='bbox 532 675 625 707; x_wconf 72' lang='lat' dir='ltr'>Roda</span> <span class='ocrx_word' id='word_1_71' title='bbox 648 675 833 716; x_wconf 83' lang='lat' dir='ltr'>kronopark</span> <span class='ocrx_word' id='word_1_72' title='bbox 856 674 898 706; x_wconf 79' lang='lat' dir='ltr'>ad</span> <span class='ocrx_word' id='word_1_73' title='bbox 921 675 1010 715; x_wconf 79' lang='lat' dir='ltr'>ligna</span> <span class='ocrx_word' id='word_1_74' title='bbox 1035 675 1164 716; x_wconf 80' lang='lat' dir='ltr'>putrida</span> <span class='ocrx_word' id='word_1_75' title='bbox 1187 675 1219 706; x_wconf 90' lang='lat' dir='ltr'>in</span> <span class='ocrx_word' id='word_1_76' title='bbox 1242 674 1505 714; x_wconf 79' lang='lat' dir='ltr'>Bogateskogcn.</span> <span class='ocrx_word' id='word_1_77' title='bbox 1531 692 1571 696; x_wconf 97' lang='lat'>—</span> <span class='ocrx_word' id='word_1_78' title='bbox 1594 673 1629 704; x_wconf 80' lang='grc' dir='ltr'>Β.</span> 
     </span>
    </p>
   </div>
   <div class='ocr_carea' id='block_1_5' title="bbox 380 747 2012 857">
    <p class='ocr_par' dir='ltr' id='par_1_5' title="bbox 380 747 2012 857">
     <span class='ocr_line' id='line_1_9' title="bbox 380 747 2012 800; baseline -0.003 -13"><span class='ocrx_word' id='word_1_79' title='bbox 380 754 438 788; x_wconf 82' lang='lat'>37.</span> <span class='ocrx_word' id='word_1_80' title='bbox 494 752 688 799; x_wconf 62' lang='lat' dir='ltr'>M&#39;etzyerz&#39;a</span> <span class='ocrx_word' id='word_1_81' title='bbox 703 752 854 799; x_wconf 72' lang='lat' dir='ltr'>furcata</span> <span class='ocrx_word' id='word_1_82' title='bbox 883 751 954 800; x_wconf 80' lang='lat' dir='ltr'><strong>(L.)</strong></span> <span class='ocrx_word' id='word_1_83' title='bbox 983 774 1033 777; x_wconf 94' lang='lat'>—</span> <span class='ocrx_word' id='word_1_84' title='bbox 1061 751 1147 798; x_wconf 81' lang='lat' dir='ltr'><strong>Syn.</strong></span> <span class='ocrx_word' id='word_1_85' title='bbox 1175 751 1268 798; x_wconf 75' lang='lat' dir='ltr'>Hep.</span> <span class='ocrx_word' id='word_1_86' title='bbox 1296 764 1329 798; x_wconf 92' lang='lat' dir='ltr'>p.</span> <span class='ocrx_word' id='word_1_87' title='bbox 1359 752 1441 786; x_wconf 77' lang='lat'><strong>502.</strong></span> <span class='ocrx_word' id='word_1_88' title='bbox 1466 772 1516 775; x_wconf 93' lang='lat'>—-</span> <span class='ocrx_word' id='word_1_89' title='bbox 1543 750 1586 785; x_wconf 90' lang='lat' dir='ltr'>N.</span> <span class='ocrx_word' id='word_1_90' title='bbox 1606 762 1637 786; x_wconf 82' lang='lat' dir='ltr'><strong>v.</strong></span> <span class='ocrx_word' id='word_1_91' title='bbox 1657 750 1720 785; x_wconf 82' lang='lat' dir='ltr'>Es,</span> <span class='ocrx_word' id='word_1_92' title='bbox 1739 749 1832 795; x_wconf 83' lang='lat' dir='ltr'>Hcp.</span> <span class='ocrx_word' id='word_1_93' title='bbox 1853 759 1924 783; x_wconf 89' lang='lat' dir='ltr'>eur.</span> <span class='ocrx_word' id='word_1_94' title='bbox 1943 747 2012 792; x_wconf 87' lang='lat' dir='ltr'>III,</span> 
     </span>
     <span class='ocr_line' id='line_1_10' title="bbox 544 810 1342 857; baseline -0.003 -11"><span class='ocrx_word' id='word_1_95' title='bbox 544 823 577 857; x_wconf 82' lang='lat' dir='ltr'>p.</span> <span class='ocrx_word' id='word_1_96' title='bbox 606 812 690 846; x_wconf 75' lang='lat'><strong>485.</strong></span> <span class='ocrx_word' id='word_1_97' title='bbox 718 832 768 835; x_wconf 87' lang='lat'>—</span> <span class='ocrx_word' id='word_1_98' title='bbox 795 810 934 846; x_wconf 82' lang='lat' dir='ltr'>Hartm.</span> <span class='ocrx_word' id='word_1_99' title='bbox 963 810 1018 845; x_wconf 81' lang='lat' dir='ltr'>Fl.</span> <span class='ocrx_word' id='word_1_100' title='bbox 1047 810 1101 845; x_wconf 86' lang='lat' dir='ltr'>ed.</span> <span class='ocrx_word' id='word_1_101' title='bbox 1131 811 1169 854; x_wconf 80' lang='lat'>9,</span> <span class='ocrx_word' id='word_1_102' title='bbox 1198 822 1232 856; x_wconf 92' lang='lat' dir='ltr'>p.</span> <span class='ocrx_word' id='word_1_103' title='bbox 1260 812 1342 845; x_wconf 82' lang='lat'><strong>101.</strong></span> 
     </span>
    </p>
   </div>
   <div class='ocr_carea' id='block_1_6' title="bbox 380 883 2016 1029">
    <p class='ocr_par' dir='ltr' id='par_1_6' title="bbox 380 883 2016 1029">
     <span class='ocr_line' id='line_1_11' title="bbox 532 883 2016 927; baseline -0.002 -10"><span class='ocrx_word' id='word_1_104' title='bbox 532 885 583 917; x_wconf 89' lang='lat' dir='ltr'>Ad</span> <span class='ocrx_word' id='word_1_105' title='bbox 609 896 705 927; x_wconf 68' lang='lat' dir='ltr'>saxa,</span> <span class='ocrx_word' id='word_1_106' title='bbox 731 886 858 918; x_wconf 79' lang='lat' dir='ltr'>radices</span> <span class='ocrx_word' id='word_1_107' title='bbox 885 886 1033 917; x_wconf 81' lang='lat' dir='ltr'>arborum</span> <span class='ocrx_word' id='word_1_108' title='bbox 1058 889 1117 917; x_wconf 87' lang='lat' dir='ltr'>etc.</span> <span class='ocrx_word' id='word_1_109' title='bbox 1141 885 1284 926; x_wconf 86' lang='lat' dir='ltr'>pluribus</span> <span class='ocrx_word' id='word_1_110' title='bbox 1308 886 1401 926; x_wconf 81' lang='lat' dir='ltr'>locis,</span> <span class='ocrx_word' id='word_1_111' title='bbox 1426 895 1455 916; x_wconf 87' lang='lat' dir='ltr'><strong>v.</strong></span> <span class='ocrx_word' id='word_1_112' title='bbox 1479 895 1504 917; x_wconf 87' lang='lat' dir='ltr'>c.</span> <span class='ocrx_word' id='word_1_113' title='bbox 1530 883 1765 924; x_wconf 79' lang='lat' dir='ltr'>Ottenbylund‚</span> <span class='ocrx_word' id='word_1_114' title='bbox 1792 884 1909 924; x_wconf 84' lang='lat' dir='ltr'>Tveta,</span> <span class='ocrx_word' id='word_1_115' title='bbox 1932 883 2016 914; x_wconf 86' lang='lat' dir='ltr'>inter</span> 
     </span>
     <span class='ocr_line' id='line_1_12' title="bbox 380 934 2015 977; baseline -0.001 -10"><span class='ocrx_word' id='word_1_116' title='bbox 380 937 507 968; x_wconf 73' lang='lat' dir='ltr'>Saxn&#39;as</span> <span class='ocrx_word' id='word_1_117' title='bbox 533 940 564 968; x_wconf 89' lang='lat' dir='ltr'>et</span> <span class='ocrx_word' id='word_1_118' title='bbox 585 938 737 977; x_wconf 72' lang='lat' dir='ltr'>Rohalla,</span> <span class='ocrx_word' id='word_1_119' title='bbox 762 937 952 977; x_wconf 76' lang='lat' dir='ltr'>Borgholms</span> <span class='ocrx_word' id='word_1_120' title='bbox 977 937 1199 968; x_wconf 82' lang='lat' dir='ltr'>slottsbranter</span> <span class='ocrx_word' id='word_1_121' title='bbox 1223 939 1255 967; x_wconf 84' lang='lat' dir='ltr'>et</span> <span class='ocrx_word' id='word_1_122' title='bbox 1276 937 1308 967; x_wconf 87' lang='lat' dir='ltr'>in</span> <span class='ocrx_word' id='word_1_123' title='bbox 1333 936 1493 976; x_wconf 83' lang='lat' dir='ltr'>quercetis</span> <span class='ocrx_word' id='word_1_124' title='bbox 1512 936 1606 977; x_wconf 78' lang='lat' dir='ltr'>juxta</span> <span class='ocrx_word' id='word_1_125' title='bbox 1635 944 1722 966; x_wconf 75' lang='lat' dir='ltr'>mare</span> <span class='ocrx_word' id='word_1_126' title='bbox 1754 934 1920 966; x_wconf 78' lang='lat' dir='ltr'>meridiem</span> <span class='ocrx_word' id='word_1_127' title='bbox 1943 943 2015 966; x_wconf 83' lang='lat' dir='ltr'>ver-</span> 
     </span>
     <span class='ocr_line' id='line_1_13' title="bbox 380 987 1614 1029; baseline -0.002 -10"><span class='ocrx_word' id='word_1_128' title='bbox 380 998 449 1029; x_wconf 84' lang='lat' dir='ltr'>sus,</span> <span class='ocrx_word' id='word_1_129' title='bbox 476 988 689 1028; x_wconf 66' lang='lat' dir='ltr'>Lundegiird,</span> <span class='ocrx_word' id='word_1_130' title='bbox 714 987 807 1019; x_wconf 76' lang='lat' dir='ltr'>Roda</span> <span class='ocrx_word' id='word_1_131' title='bbox 834 988 1021 1028; x_wconf 82' lang='lat' dir='ltr'>kronopark</span> <span class='ocrx_word' id='word_1_132' title='bbox 1044 988 1076 1018; x_wconf 85' lang='lat' dir='ltr'>in</span> <span class='ocrx_word' id='word_1_133' title='bbox 1099 988 1361 1028; x_wconf 75' lang='lat' dir='ltr'>Bogatcslzogen.</span> <span class='ocrx_word' id='word_1_134' title='bbox 1388 1006 1427 1010; x_wconf 83' lang='lat'>—</span> <span class='ocrx_word' id='word_1_135' title='bbox 1451 987 1489 1019; x_wconf 88' lang='lat' dir='ltr'>A.</span> <span class='ocrx_word' id='word_1_136' title='bbox 1513 987 1554 1018; x_wconf 84' lang='lat' dir='ltr'>M.</span> <span class='ocrx_word' id='word_1_137' title='bbox 1579 987 1614 1017; x_wconf 83' lang='lat' dir='ltr'><strong>B.</strong></span> 
     </span>
    </p>
   </div>
   <div class='ocr_carea' id='block_1_7' title="bbox 844 1180 1557 1229">
    <p class='ocr_par' dir='ltr' id='par_1_7' title="bbox 844 1180 1557 1229">
     <span class='ocr_line' id='line_1_14' title="bbox 844 1180 1557 1229; baseline -0.007 0"><span class='ocrx_word' id='word_1_138' title='bbox 844 1183 940 1229; x_wconf 60' lang='lat' dir='ltr'><strong>FAM.</strong></span> <span class='ocrx_word' id='word_1_139' title='bbox 989 1182 1029 1227; x_wconf 83' lang='lat' dir='ltr'><strong>M</strong></span> <span class='ocrx_word' id='word_1_140' title='bbox 1039 1181 1289 1227; x_wconf 81' lang='lat' dir='ltr'><strong>ARCIIAN</strong></span> <span class='ocrx_word' id='word_1_141' title='bbox 1301 1180 1557 1226; x_wconf 75' lang='lat' dir='ltr'><strong>TIAOEAE.</strong></span> 
     </span>
    </p>
   </div>
   <div class='ocr_carea' id='block_1_8' title="bbox 380 1312 2016 1421">
    <p class='ocr_par' dir='ltr' id='par_1_8' title="bbox 380 1312 2016 1421">
     <span class='ocr_line' id='line_1_15' title="bbox 380 1312 2016 1364; baseline -0.002 -12"><span class='ocrx_word' id='word_1_142' title='bbox 380 1318 438 1352; x_wconf 76' lang='lat'><strong>38.</strong></span> <span class='ocrx_word' id='word_1_143' title='bbox 492 1316 726 1350; x_wconf 64' lang='lat' dir='ltr'>fllarcltsmtia</span> <span class='ocrx_word' id='word_1_144' title='bbox 766 1316 999 1364; x_wconf 70' lang='lat' dir='ltr'>polymorpha</span> <span class='ocrx_word' id='word_1_145' title='bbox 1039 1316 1081 1352; x_wconf 87' lang='lat' dir='ltr'>L.</span> <span class='ocrx_word' id='word_1_146' title='bbox 1115 1337 1166 1341; x_wconf 85' lang='lat'>—</span> <span class='ocrx_word' id='word_1_147' title='bbox 1197 1315 1279 1362; x_wconf 75' lang='lat' dir='ltr'>Syn.</span> <span class='ocrx_word' id='word_1_148' title='bbox 1314 1315 1408 1361; x_wconf 77' lang='lat' dir='ltr'>Hep.</span> <span class='ocrx_word' id='word_1_149' title='bbox 1444 1326 1477 1361; x_wconf 83' lang='lat' dir='ltr'>p.</span> <span class='ocrx_word' id='word_1_150' title='bbox 1510 1315 1593 1349; x_wconf 77' lang='lat'><strong>522.</strong></span> <span class='ocrx_word' id='word_1_151' title='bbox 1621 1336 1672 1339; x_wconf 87' lang='lat'>—</span> <span class='ocrx_word' id='word_1_152' title='bbox 1698 1313 1742 1349; x_wconf 87' lang='lat' dir='ltr'><strong>N.</strong></span> <span class='ocrx_word' id='word_1_153' title='bbox 1769 1326 1802 1349; x_wconf 83' lang='lat' dir='ltr'><strong>V.</strong></span> <span class='ocrx_word' id='word_1_154' title='bbox 1830 1313 1893 1349; x_wconf 83' lang='lat' dir='ltr'>Es.</span> <span class='ocrx_word' id='word_1_155' title='bbox 1922 1312 2016 1360; x_wconf 76' lang='lat' dir='ltr'>Hep.</span> 
     </span>
     <span class='ocr_line' id='line_1_16' title="bbox 547 1373 1525 1421; baseline -0.001 -12"><span class='ocrx_word' id='word_1_156' title='bbox 547 1385 619 1411; x_wconf 75' lang='lat' dir='ltr'>eur.</span> <span class='ocrx_word' id='word_1_157' title='bbox 648 1373 718 1419; x_wconf 90' lang='lat' dir='ltr'>IV,</span> <span class='ocrx_word' id='word_1_158' title='bbox 746 1386 779 1421; x_wconf 85' lang='lat' dir='ltr'>p.</span> <span class='ocrx_word' id='word_1_159' title='bbox 811 1376 867 1411; x_wconf 88' lang='grc'>61.</span> <span class='ocrx_word' id='word_1_160' title='bbox 896 1397 946 1400; x_wconf 94' lang='lat'>—</span> <span class='ocrx_word' id='word_1_161' title='bbox 972 1374 1112 1409; x_wconf 82' lang='lat' dir='ltr'>Hartm.</span> <span class='ocrx_word' id='word_1_162' title='bbox 1140 1374 1195 1408; x_wconf 85' lang='lat' dir='ltr'>Fl.</span> <span class='ocrx_word' id='word_1_163' title='bbox 1227 1373 1281 1408; x_wconf 86' lang='lat' dir='ltr'>ed.</span> <span class='ocrx_word' id='word_1_164' title='bbox 1311 1375 1350 1414; x_wconf 80' lang='grc'>9,</span> <span class='ocrx_word' id='word_1_165' title='bbox 1377 1385 1411 1420; x_wconf 92' lang='lat' dir='ltr'>p.</span> <span class='ocrx_word' id='word_1_166' title='bbox 1444 1375 1525 1408; x_wconf 83' lang='lat'><strong>101.</strong></span> 
     </span>
    </p>
   </div>
   <div class='ocr_carea' id='block_1_9' title="bbox 380 1448 2015 1593">
    <p class='ocr_par' dir='ltr' id='par_1_9' title="bbox 380 1448 2015 1593">
     <span class='ocr_line' id='line_1_17' title="bbox 531 1448 2015 1490; baseline -0.002 -9"><span class='ocrx_word' id='word_1_167' title='bbox 531 1451 569 1481; x_wconf 88' lang='lat' dir='ltr'>In</span> <span class='ocrx_word' id='word_1_168' title='bbox 599 1450 677 1481; x_wconf 88' lang='lat' dir='ltr'>locis</span> <span class='ocrx_word' id='word_1_169' title='bbox 708 1450 848 1481; x_wconf 80' lang='lat' dir='ltr'>humidis</span> <span class='ocrx_word' id='word_1_170' title='bbox 878 1450 1050 1490; x_wconf 81' lang='lat' dir='ltr'>uliginosis</span> <span class='ocrx_word' id='word_1_171' title='bbox 1075 1450 1212 1490; x_wconf 80' lang='lat' dir='ltr'>passim,</span> <span class='ocrx_word' id='word_1_172' title='bbox 1238 1453 1270 1480; x_wconf 85' lang='lat' dir='ltr'>at</span> <span class='ocrx_word' id='word_1_173' title='bbox 1295 1459 1360 1480; x_wconf 90' lang='lat' dir='ltr'>non</span> <span class='ocrx_word' id='word_1_174' title='bbox 1382 1449 1540 1489; x_wconf 80' lang='lat' dir='ltr'>vulgaris,</span> <span class='ocrx_word' id='word_1_175' title='bbox 1566 1459 1594 1480; x_wconf 92' lang='lat' dir='ltr'><strong>v.</strong></span> <span class='ocrx_word' id='word_1_176' title='bbox 1619 1458 1644 1481; x_wconf 91' lang='lat' dir='ltr'>c.</span> <span class='ocrx_word' id='word_1_177' title='bbox 1671 1449 1812 1489; x_wconf 87' lang='lat' dir='ltr'>Ottenby</span> <span class='ocrx_word' id='word_1_178' title='bbox 1830 1448 1925 1489; x_wconf 81' lang='lat' dir='ltr'>juxta</span> <span class='ocrx_word' id='word_1_179' title='bbox 1948 1456 2015 1478; x_wconf 89' lang='lat' dir='ltr'>mu-</span> 
     </span>
     <span class='ocr_line' id='line_1_18' title="bbox 380 1499 2013 1542; baseline -0.001 -10"><span class='ocrx_word' id='word_1_180' title='bbox 380 1512 449 1533; x_wconf 89' lang='lat' dir='ltr'>rum</span> <span class='ocrx_word' id='word_1_181' title='bbox 472 1511 638 1541; x_wconf 80' lang='lat' dir='ltr'>magnum,</span> <span class='ocrx_word' id='word_1_182' title='bbox 670 1501 815 1542; x_wconf 59' lang='lat' dir='ltr'>Gairdhy,</span> <span class='ocrx_word' id='word_1_183' title='bbox 850 1501 1038 1541; x_wconf 79' lang='lat' dir='ltr'>Boi-gholm,</span> <span class='ocrx_word' id='word_1_184' title='bbox 1068 1501 1219 1541; x_wconf 80' lang='lat' dir='ltr'>K&#39;opings</span> <span class='ocrx_word' id='word_1_185' title='bbox 1243 1500 1387 1541; x_wconf 84' lang='lat' dir='ltr'>hranter,</span> <span class='ocrx_word' id='word_1_186' title='bbox 1412 1500 1520 1531; x_wconf 92' lang='lat' dir='ltr'>Horns</span> <span class='ocrx_word' id='word_1_187' title='bbox 1546 1499 1742 1541; x_wconf 80' lang='lat' dir='ltr'>sjobranter,</span> <span class='ocrx_word' id='word_1_188' title='bbox 1767 1500 1800 1531; x_wconf 90' lang='lat' dir='ltr'>in</span> <span class='ocrx_word' id='word_1_189' title='bbox 1823 1499 1913 1530; x_wconf 83' lang='lat' dir='ltr'>fossa</span> <span class='ocrx_word' id='word_1_190' title='bbox 1936 1508 2013 1539; x_wconf 79' lang='lat' dir='ltr'>qua-</span> 
     </span>
     <span class='ocr_line' id='line_1_19' title="bbox 380 1551 1723 1593; baseline -0.002 -9"><span class='ocrx_word' id='word_1_191' title='bbox 380 1553 455 1584; x_wconf 84' lang='lat' dir='ltr'>dam</span> <span class='ocrx_word' id='word_1_192' title='bbox 478 1561 578 1593; x_wconf 80' lang='lat' dir='ltr'>prope</span> <span class='ocrx_word' id='word_1_193' title='bbox 602 1552 693 1583; x_wconf 60' lang='lat' dir='ltr'>Beck</span> <span class='ocrx_word' id='word_1_194' title='bbox 715 1552 867 1593; x_wconf 74' lang='lat' dir='ltr'>paroeciae</span> <span class='ocrx_word' id='word_1_195' title='bbox 891 1552 1009 1593; x_wconf 72' lang='lat' dir='ltr'>Hogby</span> <span class='ocrx_word' id='word_1_196' title='bbox 1034 1552 1175 1582; x_wconf 65' lang='lat' dir='ltr'>maxima</span> <span class='ocrx_word' id='word_1_197' title='bbox 1198 1551 1294 1592; x_wconf 67' lang='lat' dir='ltr'>copia</span> <span class='ocrx_word' id='word_1_198' title='bbox 1316 1569 1358 1573; x_wconf 92' lang='lat'>—-</span> <span class='ocrx_word' id='word_1_199' title='bbox 1382 1561 1407 1582; x_wconf 81' lang='lat' dir='ltr'>o.</span> <span class='ocrx_word' id='word_1_200' title='bbox 1432 1551 1470 1582; x_wconf 87' lang='lat' dir='ltr'>fr.</span> <span class='ocrx_word' id='word_1_201' title='bbox 1494 1570 1535 1573; x_wconf 90' lang='lat'><em>-</em></span> <span class='ocrx_word' id='word_1_202' title='bbox 1559 1551 1596 1582; x_wconf 89' lang='lat' dir='ltr'><strong>A.</strong></span> <span class='ocrx_word' id='word_1_203' title='bbox 1621 1551 1662 1582; x_wconf 88' lang='grc' dir='ltr'>Μ.</span> <span class='ocrx_word' id='word_1_204' title='bbox 1686 1551 1723 1582; x_wconf 87' lang='grc' dir='ltr'>Β.</span> 
     </span>
    </p>
   </div>
   <div class='ocr_carea' id='block_1_10' title="bbox 382 1624 2014 1734">
    <p class='ocr_par' dir='ltr' id='par_1_10' title="bbox 382 1624 2014 1734">
     <span class='ocr_line' id='line_1_20' title="bbox 382 1624 2014 1674; baseline -0.003 -9"><span class='ocrx_word' id='word_1_205' title='bbox 382 1631 440 1665; x_wconf 78' lang='grc'>39.</span> <span class='ocrx_word' id='word_1_206' title='bbox 492 1630 651 1664; x_wconf 68' lang='grc' dir='ltr'><em>Ρνθὶεεὶα</em></span> <span class='ocrx_word' id='word_1_207' title='bbox 679 1635 893 1664; x_wconf 53' lang='lat' dir='ltr'>commutata</span> <span class='ocrx_word' id='word_1_208' title='bbox 922 1627 1127 1674; x_wconf 80' lang='lat' dir='ltr'>(Lindenb.)</span> <span class='ocrx_word' id='word_1_209' title='bbox 1155 1650 1206 1653; x_wconf 89' lang='lat'>—</span> <span class='ocrx_word' id='word_1_210' title='bbox 1234 1627 1319 1674; x_wconf 77' lang='lat' dir='ltr'>Syn.</span> <span class='ocrx_word' id='word_1_211' title='bbox 1347 1627 1440 1674; x_wconf 80' lang='lat' dir='ltr'>Hep.</span> <span class='ocrx_word' id='word_1_212' title='bbox 1469 1639 1502 1673; x_wconf 85' lang='lat' dir='ltr'>p.</span> <span class='ocrx_word' id='word_1_213' title='bbox 1532 1628 1614 1662; x_wconf 76' lang='lat'><strong>549.</strong></span> <span class='ocrx_word' id='word_1_214' title='bbox 1633 1649 1684 1652; x_wconf 94' lang='lat'><strong>—</strong></span> <span class='ocrx_word' id='word_1_215' title='bbox 1702 1626 1746 1663; x_wconf 88' lang='lat' dir='ltr'><strong>N.</strong></span> <span class='ocrx_word' id='word_1_216' title='bbox 1772 1638 1804 1663; x_wconf 90' lang='lat' dir='ltr'>V.</span> <span class='ocrx_word' id='word_1_217' title='bbox 1830 1625 1893 1662; x_wconf 78' lang='lat' dir='ltr'>Es.</span> <span class='ocrx_word' id='word_1_218' title='bbox 1919 1624 2014 1671; x_wconf 81' lang='lat' dir='ltr'>Hep.</span> 
     </span>
     <span class='ocr_line' id='line_1_21' title="bbox 549 1686 1548 1734; baseline -0.003 -11"><span class='ocrx_word' id='word_1_219' title='bbox 549 1699 622 1723; x_wconf 86' lang='lat' dir='ltr'>eur.</span> <span class='ocrx_word' id='word_1_220' title='bbox 650 1687 719 1732; x_wconf 86' lang='lat' dir='ltr'>IV,</span> <span class='ocrx_word' id='word_1_221' title='bbox 748 1700 781 1734; x_wconf 89' lang='lat' dir='ltr'>p.</span> <span class='ocrx_word' id='word_1_222' title='bbox 813 1689 895 1722; x_wconf 74' lang='lat'><strong>117.</strong></span> <span class='ocrx_word' id='word_1_223' title='bbox 923 1709 974 1713; x_wconf 93' lang='lat'><strong>—</strong></span> <span class='ocrx_word' id='word_1_224' title='bbox 1001 1687 1140 1723; x_wconf 84' lang='lat' dir='ltr'>Hartm.</span> <span class='ocrx_word' id='word_1_225' title='bbox 1168 1687 1222 1722; x_wconf 86' lang='lat' dir='ltr'>Fl.</span> <span class='ocrx_word' id='word_1_226' title='bbox 1252 1686 1306 1722; x_wconf 85' lang='lat' dir='ltr'>ed.</span> <span class='ocrx_word' id='word_1_227' title='bbox 1336 1688 1374 1729; x_wconf 76' lang='lat'>9,</span> <span class='ocrx_word' id='word_1_228' title='bbox 1400 1698 1434 1733; x_wconf 88' lang='lat' dir='ltr'>p.</span> <span class='ocrx_word' id='word_1_229' title='bbox 1467 1687 1548 1720; x_wconf 86' lang='lat'><strong>101.</strong></span> 
     </span>
    </p>
   </div>
   <div class='ocr_carea' id='block_1_11' title="bbox 382 1760 2014 1905">
    <p class='ocr_par' dir='ltr' id='par_1_11' title="bbox 382 1760 2014 1905">
     <span class='ocr_line' id='line_1_22' title="bbox 532 1760 2014 1803; baseline -0.001 -9"><span class='ocrx_word' id='word_1_230' title='bbox 532 1764 571 1794; x_wconf 88' lang='lat' dir='ltr'>In</span> <span class='ocrx_word' id='word_1_231' title='bbox 594 1763 720 1794; x_wconf 82' lang='lat' dir='ltr'>fissuris</span> <span class='ocrx_word' id='word_1_232' title='bbox 746 1763 870 1803; x_wconf 86' lang='lat' dir='ltr'>rupium</span> <span class='ocrx_word' id='word_1_233' title='bbox 892 1766 923 1793; x_wconf 88' lang='lat' dir='ltr'>et</span> <span class='ocrx_word' id='word_1_234' title='bbox 945 1763 976 1793; x_wconf 91' lang='lat' dir='ltr'>in</span> <span class='ocrx_word' id='word_1_235' title='bbox 1006 1762 1172 1803; x_wconf 79' lang='lat' dir='ltr'>uliginosis</span> <span class='ocrx_word' id='word_1_236' title='bbox 1198 1772 1384 1803; x_wconf 84' lang='lat' dir='ltr'>camporum</span> <span class='ocrx_word' id='word_1_237' title='bbox 1408 1762 1624 1792; x_wconf 83' lang='lat' dir='ltr'>alvarensium</span> <span class='ocrx_word' id='word_1_238' title='bbox 1648 1761 1790 1802; x_wconf 84' lang='lat' dir='ltr'>pluribus</span> <span class='ocrx_word' id='word_1_239' title='bbox 1814 1760 1909 1796; x_wconf 85' lang='lat' dir='ltr'>locis,</span> <span class='ocrx_word' id='word_1_240' title='bbox 1933 1770 1962 1791; x_wconf 88' lang='lat' dir='ltr'><strong>v.</strong></span> <span class='ocrx_word' id='word_1_241' title='bbox 1987 1769 2014 1792; x_wconf 75' lang='lat' dir='ltr'>c·</span> 
     </span>
     <span class='ocr_line' id='line_1_23' title="bbox 382 1811 2011 1855; baseline -0.001 -12"><span class='ocrx_word' id='word_1_242' title='bbox 382 1813 486 1844; x_wconf 85' lang='lat' dir='ltr'>Tveta</span> <span class='ocrx_word' id='word_1_243' title='bbox 515 1814 548 1844; x_wconf 92' lang='lat' dir='ltr'>in</span> <span class='ocrx_word' id='word_1_244' title='bbox 583 1814 703 1855; x_wconf 84' lang='lat' dir='ltr'>campis</span> <span class='ocrx_word' id='word_1_245' title='bbox 737 1823 850 1854; x_wconf 75' lang='lat' dir='ltr'>parce,</span> <span class='ocrx_word' id='word_1_246' title='bbox 886 1813 1076 1853; x_wconf 77' lang='lat' dir='ltr'>Borgholms</span> <span class='ocrx_word' id='word_1_247' title='bbox 1112 1815 1203 1845; x_wconf 83' lang='lat' dir='ltr'>alvar</span> <span class='ocrx_word' id='word_1_248' title='bbox 1231 1823 1343 1853; x_wconf 82' lang='lat' dir='ltr'>parce,</span> <span class='ocrx_word' id='word_1_249' title='bbox 1378 1812 1420 1844; x_wconf 81' lang='lat' dir='ltr'>ad</span> <span class='ocrx_word' id='word_1_250' title='bbox 1449 1813 1550 1853; x_wconf 84' lang='lat' dir='ltr'>ripam</span> <span class='ocrx_word' id='word_1_251' title='bbox 1578 1813 1670 1843; x_wconf 85' lang='lat' dir='ltr'>lacus</span> <span class='ocrx_word' id='word_1_252' title='bbox 1699 1811 1878 1853; x_wconf 74' lang='lat' dir='ltr'>Hornsjon‚</span> <span class='ocrx_word' id='word_1_253' title='bbox 1902 1811 2011 1842; x_wconf 85' lang='lat' dir='ltr'>Horns</span> 
     </span>
     <span class='ocr_line' id='line_1_24' title="bbox 383 1863 1621 1905; baseline -0.001 -10"><span class='ocrx_word' id='word_1_254' title='bbox 383 1864 565 1905; x_wconf 75' lang='lat' dir='ltr'>sjohranter</span> <span class='ocrx_word' id='word_1_255' title='bbox 589 1868 640 1895; x_wconf 85' lang='lat' dir='ltr'>sat</span> <span class='ocrx_word' id='word_1_256' title='bbox 664 1864 794 1905; x_wconf 77' lang='lat' dir='ltr'>copiose</span> <span class='ocrx_word' id='word_1_257' title='bbox 818 1867 850 1895; x_wconf 87' lang='lat' dir='ltr'>et</span> <span class='ocrx_word' id='word_1_258' title='bbox 876 1864 1034 1895; x_wconf 84' lang='lat' dir='ltr'>ditissime</span> <span class='ocrx_word' id='word_1_259' title='bbox 1058 1864 1254 1895; x_wconf 84' lang='lat' dir='ltr'>fructificans</span> <span class='ocrx_word' id='word_1_260' title='bbox 1278 1882 1320 1886; x_wconf 88' lang='lat'>—</span> <span class='ocrx_word' id='word_1_261' title='bbox 1344 1874 1370 1895; x_wconf 93' lang='lat' dir='ltr'>c.</span> <span class='ocrx_word' id='word_1_262' title='bbox 1394 1864 1430 1895; x_wconf 88' lang='lat' dir='ltr'>fr.</span> <span class='ocrx_word' id='word_1_263' title='bbox 1455 1882 1497 1886; x_wconf 97' lang='lat'>—</span> <span class='ocrx_word' id='word_1_264' title='bbox 1519 1863 1561 1894; x_wconf 89' lang='lat' dir='ltr'>M.</span> <span class='ocrx_word' id='word_1_265' title='bbox 1585 1863 1621 1895; x_wconf 86' lang='lat' dir='ltr'><strong>B.</strong></span> 
     </span>
    </p>
   </div>
   <div class='ocr_carea' id='block_1_12' title="bbox 381 1930 2015 2162">
    <p class='ocr_par' dir='ltr' id='par_1_12' title="bbox 381 1930 2015 2162">
     <span class='ocr_line' id='line_1_25' title="bbox 381 1930 2015 1987; baseline -0.001 -12"><span class='ocrx_word' id='word_1_266' title='bbox 381 1942 440 1977; x_wconf 80' lang='lat'>40.</span> <span class='ocrx_word' id='word_1_267' title='bbox 496 1940 662 1975; x_wconf 66' lang='lat' dir='ltr'>Saztteria</span> <span class='ocrx_word' id='word_1_268' title='bbox 689 1940 836 1987; x_wconf 73' lang='lat' dir='ltr'>lzyalina</span> <span class='ocrx_word' id='word_1_269' title='bbox 864 1940 1085 1987; x_wconf 81' lang='lat' dir='ltr'>(Sommrflt.)</span> <span class='ocrx_word' id='word_1_270' title='bbox 1109 1962 1152 1966; x_wconf 92' lang='lat'>—</span> <span class='ocrx_word' id='word_1_271' title='bbox 1182 1939 1311 1975; x_wconf 86' lang='lat' dir='ltr'>Lindb.</span> <span class='ocrx_word' id='word_1_272' title='bbox 1341 1939 1377 1974; x_wconf 88' lang='lat' dir='ltr'>in</span> <span class='ocrx_word' id='word_1_273' title='bbox 1406 1930 1486 1975; x_wconf 74' lang='lat' dir='ltr'><strong>Ofv.</strong></span> <span class='ocrx_word' id='word_1_274' title='bbox 1505 1939 1551 1976; x_wconf 86' lang='lat' dir='ltr'><strong>K.</strong></span> <span class='ocrx_word' id='word_1_275' title='bbox 1574 1939 1656 1975; x_wconf 80' lang='lat' dir='ltr'>Vet.</span> <span class='ocrx_word' id='word_1_276' title='bbox 1675 1937 1796 1974; x_wconf 85' lang='lat' dir='ltr'><strong>Akad.</strong></span> <span class='ocrx_word' id='word_1_277' title='bbox 1817 1937 1849 1972; x_wconf 84' lang='lat' dir='ltr'><strong>F</strong></span> <span class='ocrx_word' id='word_1_278' title='bbox 1852 1937 1926 1973; x_wconf 71' lang='lat' dir='ltr'>orh.</span> <span class='ocrx_word' id='word_1_279' title='bbox 1945 1937 2015 1973; x_wconf 89' lang='lat' dir='ltr'>vol.</span> 
     </span>
     <span class='ocr_line' id='line_1_26' title="bbox 547 1996 2014 2046; baseline -0.002 -12"><span class='ocrx_word' id='word_1_280' title='bbox 547 1999 691 2042; x_wconf 83' lang='lat' dir='ltr'>XXHI,</span> <span class='ocrx_word' id='word_1_281' title='bbox 733 2000 846 2043; x_wconf 80' lang='grc'>1866,</span> <span class='ocrx_word' id='word_1_282' title='bbox 882 1999 998 2045; x_wconf 87' lang='lat' dir='ltr'>suppl.</span> <span class='ocrx_word' id='word_1_283' title='bbox 1032 2011 1065 2046; x_wconf 93' lang='lat' dir='ltr'>p.</span> <span class='ocrx_word' id='word_1_284' title='bbox 1103 2000 1186 2034; x_wconf 80' lang='grc'>561.</span> <span class='ocrx_word' id='word_1_285' title='bbox 1213 2021 1263 2024; x_wconf 84' lang='lat'>—</span> <span class='ocrx_word' id='word_1_286' title='bbox 1290 1998 1455 2034; x_wconf 82' lang='lat' dir='ltr'>Sauteria</span> <span class='ocrx_word' id='word_1_287' title='bbox 1482 1998 1617 2034; x_wconf 84' lang='lat' dir='ltr'>seriata</span> <span class='ocrx_word' id='word_1_288' title='bbox 1644 1996 1774 2032; x_wconf 73' lang='lat' dir='ltr'>Linslb.</span> <span class='ocrx_word' id='word_1_289' title='bbox 1802 1997 1839 2031; x_wconf 88' lang='lat' dir='ltr'>in</span> <span class='ocrx_word' id='word_1_290' title='bbox 1866 1996 2014 2032; x_wconf 83' lang='lat' dir='ltr'>Hedwi-</span> 
     </span>
     <span class='ocr_line' id='line_1_27' title="bbox 546 2055 2013 2103; baseline -0.001 -12"><span class='ocrx_word' id='word_1_291' title='bbox 546 2057 610 2102; x_wconf 81' lang='lat' dir='ltr'>gia</span> <span class='ocrx_word' id='word_1_292' title='bbox 639 2057 689 2099; x_wconf 73' lang='lat' dir='ltr'>V,</span> <span class='ocrx_word' id='word_1_293' title='bbox 724 2069 758 2103; x_wconf 88' lang='lat' dir='ltr'>p.</span> <span class='ocrx_word' id='word_1_294' title='bbox 793 2058 850 2092; x_wconf 81' lang='lat'>33.</span> <span class='ocrx_word' id='word_1_295' title='bbox 878 2079 928 2082; x_wconf 88' lang='lat'>——</span> <span class='ocrx_word' id='word_1_296' title='bbox 956 2057 1119 2092; x_wconf 84' lang='lat' dir='ltr'>Sauteria</span> <span class='ocrx_word' id='word_1_297' title='bbox 1154 2057 1299 2092; x_wconf 83' lang='lat' dir='ltr'>suecica</span> <span class='ocrx_word' id='word_1_298' title='bbox 1329 2057 1459 2093; x_wconf 85' lang='lat' dir='ltr'>Lindb.</span> <span class='ocrx_word' id='word_1_299' title='bbox 1493 2057 1531 2092; x_wconf 88' lang='lat' dir='ltr'>in</span> <span class='ocrx_word' id='word_1_300' title='bbox 1564 2056 1610 2092; x_wconf 79' lang='lat' dir='ltr'><strong>G.</strong></span> <span class='ocrx_word' id='word_1_301' title='bbox 1639 2060 1675 2091; x_wconf 88' lang='lat' dir='ltr'>et</span> <span class='ocrx_word' id='word_1_302' title='bbox 1700 2055 1790 2092; x_wconf 79' lang='lat' dir='ltr'>Rab.</span> <span class='ocrx_word' id='word_1_303' title='bbox 1818 2055 1911 2102; x_wconf 88' lang='lat' dir='ltr'>Hep.</span> <span class='ocrx_word' id='word_1_304' title='bbox 1941 2066 2013 2090; x_wconf 87' lang='lat' dir='ltr'>eur.</span> 
     </span>
     <span class='ocr_line' id='line_1_28' title="bbox 548 2114 2014 2162; baseline 0 -12"><span class='ocrx_word' id='word_1_305' title='bbox 548 2127 580 2150; x_wconf 89' lang='lat' dir='ltr'>n.</span> <span class='ocrx_word' id='word_1_306' title='bbox 609 2117 692 2152; x_wconf 80' lang='lat'><strong>347.</strong></span> <span class='ocrx_word' id='word_1_307' title='bbox 721 2138 771 2141; x_wconf 88' lang='lat'><strong>—</strong></span> <span class='ocrx_word' id='word_1_308' title='bbox 796 2115 1021 2150; x_wconf 83' lang='lat' dir='ltr'>Marchantia</span> <span class='ocrx_word' id='word_1_309' title='bbox 1048 2115 1195 2162; x_wconf 84' lang='lat' dir='ltr'>hyalina</span> <span class='ocrx_word' id='word_1_310' title='bbox 1223 2116 1416 2151; x_wconf 83' lang='lat' dir='ltr'>Sommrflt.</span> <span class='ocrx_word' id='word_1_311' title='bbox 1443 2115 1539 2161; x_wconf 79' lang='lat' dir='ltr'>Mag.</span> <span class='ocrx_word' id='word_1_312' title='bbox 1566 2115 1621 2150; x_wconf 86' lang='lat' dir='ltr'>for</span> <span class='ocrx_word' id='word_1_313' title='bbox 1639 2115 1787 2151; x_wconf 84' lang='lat' dir='ltr'>Naturv.</span> <span class='ocrx_word' id='word_1_314' title='bbox 1805 2114 1876 2160; x_wconf 83' lang='lat' dir='ltr'>XI,</span> <span class='ocrx_word' id='word_1_315' title='bbox 1901 2115 2014 2160; x_wconf 80' lang='lat'>1833,</span> 
     </span>
    </p>
   </div>
   <div class='ocr_carea' id='block_1_13' title="bbox 383 2175 2016 2338">
    <p class='ocr_par' dir='ltr' id='par_1_13' title="bbox 383 2175 2016 2338">
     <span class='ocr_line' id='line_1_29' title="bbox 550 2175 696 2219; baseline 0.021 -11"><span class='ocrx_word' id='word_1_316' title='bbox 550 2185 584 2219; x_wconf 92' lang='lat' dir='ltr'>p.</span> <span class='ocrx_word' id='word_1_317' title='bbox 614 2175 696 2211; x_wconf 74' lang='lat'><strong>234.</strong></span> 
     </span>
     <span class='ocr_line' id='line_1_30' title="bbox 534 2244 2016 2287; baseline 0.002 -12"><span class='ocrx_word' id='word_1_318' title='bbox 534 2244 572 2274; x_wconf 88' lang='lat' dir='ltr'>In</span> <span class='ocrx_word' id='word_1_319' title='bbox 601 2245 702 2284; x_wconf 83' lang='lat' dir='ltr'>petris</span> <span class='ocrx_word' id='word_1_320' title='bbox 733 2245 871 2276; x_wconf 87' lang='lat' dir='ltr'>humidis</span> <span class='ocrx_word' id='word_1_321' title='bbox 901 2245 1057 2276; x_wconf 85' lang='lat' dir='ltr'>calcareis</span> <span class='ocrx_word' id='word_1_322' title='bbox 1087 2245 1197 2285; x_wconf 83' lang='lat' dir='ltr'>magni</span> <span class='ocrx_word' id='word_1_323' title='bbox 1226 2245 1332 2286; x_wconf 84' lang='lat' dir='ltr'>campi</span> <span class='ocrx_word' id='word_1_324' title='bbox 1362 2245 1438 2276; x_wconf 79' lang='lat' dir='ltr'>dicti</span> <span class='ocrx_word' id='word_1_325' title='bbox 1462 2245 1590 2277; x_wconf 74' lang='lat' dir='ltr'>&#39;&#39;S&#39;Odra</span> <span class='ocrx_word' id='word_1_326' title='bbox 1612 2245 1777 2277; x_wconf 82' lang='lat' dir='ltr'>Alvaren&#39;&#39;</span> <span class='ocrx_word' id='word_1_327' title='bbox 1801 2246 1946 2287; x_wconf 87' lang='lat' dir='ltr'>pluribus</span> <span class='ocrx_word' id='word_1_328' title='bbox 1970 2246 2016 2278; x_wconf 89' lang='lat' dir='ltr'>lo—</span> 
     </span>
     <span class='ocr_line' id='line_1_31' title="bbox 383 2294 1776 2338; baseline 0.002 -14"><span class='ocrx_word' id='word_1_329' title='bbox 383 2294 444 2335; x_wconf 89' lang='lat' dir='ltr'>cis,</span> <span class='ocrx_word' id='word_1_330' title='bbox 470 2305 497 2325; x_wconf 90' lang='lat' dir='ltr'><strong>v.</strong></span> <span class='ocrx_word' id='word_1_331' title='bbox 523 2304 550 2325; x_wconf 92' lang='lat' dir='ltr'>c.</span> <span class='ocrx_word' id='word_1_332' title='bbox 575 2294 764 2327; x_wconf 78' lang='lat' dir='ltr'>G&#39;osslunda</span> <span class='ocrx_word' id='word_1_333' title='bbox 787 2297 891 2337; x_wconf 81' lang='lat' dir='ltr'>alvar,</span> <span class='ocrx_word' id='word_1_334' title='bbox 917 2296 1035 2327; x_wconf 87' lang='lat' dir='ltr'>Resmo</span> <span class='ocrx_word' id='word_1_335' title='bbox 1058 2296 1164 2336; x_wconf 81' lang='lat' dir='ltr'>alvar,</span> <span class='ocrx_word' id='word_1_336' title='bbox 1189 2296 1360 2338; x_wconf 82' lang='lat' dir='ltr'>Wickleby</span> <span class='ocrx_word' id='word_1_337' title='bbox 1384 2297 1474 2327; x_wconf 85' lang='lat' dir='ltr'>alvar</span> <span class='ocrx_word' id='word_1_338' title='bbox 1496 2315 1539 2318; x_wconf 97' lang='lat'><strong>—</strong></span> <span class='ocrx_word' id='word_1_339' title='bbox 1563 2306 1588 2327; x_wconf 90' lang='lat' dir='ltr'>c.</span> <span class='ocrx_word' id='word_1_340' title='bbox 1612 2296 1648 2328; x_wconf 89' lang='lat' dir='ltr'>fr.</span> <span class='ocrx_word' id='word_1_341' title='bbox 1672 2315 1715 2319; x_wconf 97' lang='lat'><strong>—</strong></span> <span class='ocrx_word' id='word_1_342' title='bbox 1735 2296 1776 2327; x_wconf 88' lang='lat' dir='ltr'><strong>A.</strong></span> 
     </span>
    </p>
   </div>
   <div class='ocr_carea' id='block_1_14' title="bbox 383 2345 2012 2490">
    <p class='ocr_par' dir='ltr' id='par_1_14' title="bbox 383 2345 2012 2490">
     <span class='ocr_line' id='line_1_32' title="bbox 533 2345 2012 2387; baseline 0.001 -11"><span class='ocrx_word' id='word_1_343' title='bbox 533 2345 611 2376; x_wconf 80' lang='lat' dir='ltr'>Haec</span> <span class='ocrx_word' id='word_1_344' title='bbox 634 2347 777 2387; x_wconf 83' lang='lat' dir='ltr'>species,</span> <span class='ocrx_word' id='word_1_345' title='bbox 803 2357 873 2387; x_wconf 76' lang='lat' dir='ltr'>quae</span> <span class='ocrx_word' id='word_1_346' title='bbox 902 2356 1013 2378; x_wconf 83' lang='lat' dir='ltr'>mense</span> <span class='ocrx_word' id='word_1_347' title='bbox 1036 2346 1122 2387; x_wconf 75' lang='lat' dir='ltr'>Majo</span> <span class='ocrx_word' id='word_1_348' title='bbox 1147 2347 1223 2378; x_wconf 82' lang='lat' dir='ltr'>anni</span> <span class='ocrx_word' id='word_1_349' title='bbox 1248 2348 1330 2379; x_wconf 79' lang='lat'>1865</span> <span class='ocrx_word' id='word_1_350' title='bbox 1355 2357 1424 2378; x_wconf 86' lang='lat' dir='ltr'>cum</span> <span class='ocrx_word' id='word_1_351' title='bbox 1447 2348 1550 2378; x_wconf 86' lang='lat' dir='ltr'>fructu</span> <span class='ocrx_word' id='word_1_352' title='bbox 1573 2347 1775 2378; x_wconf 83' lang='lat' dir='ltr'>abundanter</span> <span class='ocrx_word' id='word_1_353' title='bbox 1797 2348 1882 2378; x_wconf 83' lang='lat' dir='ltr'>lecta</span> <span class='ocrx_word' id='word_1_354' title='bbox 1907 2350 1957 2379; x_wconf 86' lang='lat' dir='ltr'>est</span> <span class='ocrx_word' id='word_1_355' title='bbox 1978 2347 2012 2378; x_wconf 91' lang='lat' dir='ltr'>in</span> 
     </span>
     <span class='ocr_line' id='line_1_33' title="bbox 383 2395 2010 2439; baseline 0.002 -13"><span class='ocrx_word' id='word_1_356' title='bbox 383 2395 512 2427; x_wconf 72' lang='lat' dir='ltr'>&#39;&#39;Sodra</span> <span class='ocrx_word' id='word_1_357' title='bbox 541 2396 707 2428; x_wconf 80' lang='lat' dir='ltr'>Alvaren⁷&#39;</span> <span class='ocrx_word' id='word_1_358' title='bbox 739 2407 758 2428; x_wconf 86' lang='lat' dir='ltr'>a</span> <span class='ocrx_word' id='word_1_359' title='bbox 787 2398 865 2438; x_wconf 87' lang='lat' dir='ltr'>prof.</span> <span class='ocrx_word' id='word_1_360' title='bbox 897 2398 929 2429; x_wconf 80' lang='lat' dir='ltr'><strong>S.</strong></span> <span class='ocrx_word' id='word_1_361' title='bbox 958 2396 1137 2437; x_wconf 84' lang='lat' dir='ltr'>Lindberg,</span> <span class='ocrx_word' id='word_1_362' title='bbox 1166 2407 1186 2428; x_wconf 85' lang='lat' dir='ltr'>a</span> <span class='ocrx_word' id='word_1_363' title='bbox 1214 2407 1264 2428; x_wconf 91' lang='lat' dir='ltr'>me</span> <span class='ocrx_word' id='word_1_364' title='bbox 1293 2401 1416 2429; x_wconf 84' lang='lat' dir='ltr'>tantum</span> <span class='ocrx_word' id='word_1_365' title='bbox 1445 2399 1563 2429; x_wconf 87' lang='lat' dir='ltr'>sterilis</span> <span class='ocrx_word' id='word_1_366' title='bbox 1587 2398 1719 2429; x_wconf 86' lang='lat' dir='ltr'>inventa</span> <span class='ocrx_word' id='word_1_367' title='bbox 1743 2401 1807 2439; x_wconf 83' lang='lat' dir='ltr'>est,</span> <span class='ocrx_word' id='word_1_368' title='bbox 1831 2408 1927 2439; x_wconf 87' lang='lat' dir='ltr'>quum</span> <span class='ocrx_word' id='word_1_369' title='bbox 1949 2398 2010 2429; x_wconf 87' lang='lat' dir='ltr'>hos</span> 
     </span>
     <span class='ocr_line' id='line_1_34' title="bbox 384 2447 2008 2490; baseline 0.002 -13"><span class='ocrx_word' id='word_1_370' title='bbox 384 2456 514 2486; x_wconf 87' lang='lat' dir='ltr'>campos</span> <span class='ocrx_word' id='word_1_371' title='bbox 541 2447 730 2479; x_wconf 85' lang='lat' dir='ltr'>alvarenses</span> <span class='ocrx_word' id='word_1_372' title='bbox 754 2448 817 2479; x_wconf 87' lang='lat' dir='ltr'>fine</span> <span class='ocrx_word' id='word_1_373' title='bbox 841 2448 962 2479; x_wconf 86' lang='lat' dir='ltr'>mensis</span> <span class='ocrx_word' id='word_1_374' title='bbox 982 2447 1070 2479; x_wconf 85' lang='lat' dir='ltr'>Junii</span> <span class='ocrx_word' id='word_1_375' title='bbox 1096 2451 1127 2478; x_wconf 87' lang='lat' dir='ltr'>et</span> <span class='ocrx_word' id='word_1_376' title='bbox 1150 2451 1215 2479; x_wconf 87' lang='lat' dir='ltr'>toto</span> <span class='ocrx_word' id='word_1_377' title='bbox 1241 2458 1352 2480; x_wconf 84' lang='lat' dir='ltr'>mense</span> <span class='ocrx_word' id='word_1_378' title='bbox 1375 2449 1459 2481; x_wconf 85' lang='lat' dir='ltr'>Julio</span> <span class='ocrx_word' id='word_1_379' title='bbox 1483 2449 1595 2480; x_wconf 88' lang='lat' dir='ltr'>iterum</span> <span class='ocrx_word' id='word_1_380' title='bbox 1623 2449 1799 2489; x_wconf 83' lang='lat' dir='ltr'>iterumque</span> <span class='ocrx_word' id='word_1_381' title='bbox 1830 2449 2008 2490; x_wconf 74' lang='lat' dir='ltr'>exploravi.</span> 
     </span>
    </p>
   </div>
   <div class='ocr_carea' id='block_1_15' title="bbox 383 2497 2012 2588">
    <p class='ocr_par' dir='ltr' id='par_1_15' title="bbox 383 2497 2012 2588">
     <span class='ocr_line' id='line_1_35' title="bbox 383 2497 2012 2541; baseline 0.001 -12"><span class='ocrx_word' id='word_1_382' title='bbox 383 2497 509 2536; x_wconf 85' lang='lat' dir='ltr'>Ubique</span> <span class='ocrx_word' id='word_1_383' title='bbox 533 2498 662 2537; x_wconf 83' lang='lat' dir='ltr'>parcius</span> <span class='ocrx_word' id='word_1_384' title='bbox 686 2509 705 2530; x_wconf 86' lang='lat' dir='ltr'>a</span> <span class='ocrx_word' id='word_1_385' title='bbox 728 2509 779 2530; x_wconf 89' lang='lat' dir='ltr'>me</span> <span class='ocrx_word' id='word_1_386' title='bbox 803 2499 976 2530; x_wconf 82' lang='lat' dir='ltr'>observata.</span> <span class='ocrx_word' id='word_1_387' title='bbox 994 2501 1058 2539; x_wconf 83' lang='lat' dir='ltr'>est,</span> <span class='ocrx_word' id='word_1_388' title='bbox 1076 2508 1150 2529; x_wconf 82' lang='lat' dir='ltr'>nam</span> <span class='ocrx_word' id='word_1_389' title='bbox 1167 2498 1235 2530; x_wconf 69' lang='lat' dir='ltr'>hzec</span> <span class='ocrx_word' id='word_1_390' title='bbox 1251 2499 1362 2540; x_wconf 81' lang='lat' dir='ltr'>planta</span> <span class='ocrx_word' id='word_1_391' title='bbox 1378 2500 1519 2532; x_wconf 86' lang='lat' dir='ltr'>vernalis</span> <span class='ocrx_word' id='word_1_392' title='bbox 1537 2499 1643 2531; x_wconf 80' lang='lat' dir='ltr'>media</span> <span class='ocrx_word' id='word_1_393' title='bbox 1661 2502 1774 2531; x_wconf 79' lang='lat' dir='ltr'>aestate</span> <span class='ocrx_word' id='word_1_394' title='bbox 1787 2499 1857 2541; x_wconf 83' lang='lat' dir='ltr'>jam</span> <span class='ocrx_word' id='word_1_395' title='bbox 1874 2499 2012 2532; x_wconf 86' lang='lat' dir='ltr'>semide-</span> 
     </span>
     <span class='ocr_line' id='line_1_36' title="bbox 385 2547 666 2588; baseline 0.007 -10"><span class='ocrx_word' id='word_1_396' title='bbox 385 2547 565 2588; x_wconf 85' lang='lat' dir='ltr'>composita</span> <span class='ocrx_word' id='word_1_397' title='bbox 587 2552 666 2580; x_wconf 82' lang='lat' dir='ltr'>erat.</span> 
     </span>
    </p>
   </div>
  </div>
 </body>
</html>
