2134 3034
433 200 477 232 14
986 198 1019 234 J.
1049 199 1090 233 E.
1119 199 1400 244 ZETTERSTEDT,

379 300 436 333 35.
491 298 723 343 Dz‘dymodon
760 299 909 333 rabellus
943 299 1065 345 (Roth)
1093 322 1141 325 —
1171 299 1328 346 Schimp.
1364 300 1448 347 Syn.
1487 313 1520 347 p.
1559 302 1639 335 130.
1667 322 1718 326 —
1744 301 1803 336 ΒΓ.
1836 313 1907 336 eur.
1935 302 2007 337 tab.

545 358 625 390 185.
658 378 702 382 —
733 356 1021 392 Trichos‘tomuni
1050 357 1225 393 rubellum
1252 358 1379 393 Hartni
1418 359 1472 393 Fl.
1503 359 1556 393 ed.
1587 360 1624 402 9,
1653 371 1686 405 p.
1717 361 1773 394 (35.

526 426 577 457 Ad
613 430 730 457 terram
766 432 797 458 et
833 437 913 458 saxa
949 428 1096 458 calcarea
1131 432 1197 458 tam
1225 429 1256 459 in
1287 429 1409 469 campis
1435 429 1671 470 alvaijensibus,
1697 440 1791 469 quam
1817 431 1849 461 in
1873 430 2004 470 rupibus

376 479 407 506 et
435 476 476 506 ad
507 478 670 516 margines
707 478 828 508 viarnn]
864 478 969 508 multis
1000 478 1092 518 locis,
1123 489 1151 509 v.
1182 489 1207 510 c.
1239 479 1473 519 Ottenbylund,
1508 476 1575 510 Ahs
1606 481 1710 520 alvar,
1748 481 1866 511 Resmo
1899 481 2003 520 alvar,

375 527 560 567 WiekIeby,
593 528 811 568 Thorslunda,
840 528 1068 568 Farjestaden,
1099 530 1216 570 Tveta,
1246 530 1424 570 M'Ollstorp,
1455 530 1645 570 Borgholms
1675 532 1913 571 slottsbranter,
1939 531 2005 562 Κό-

375 577 471 617 pings
496 577 639 616 branter,
666 578 754 609 Horu
780 598 809 601 μ
844 589 869 609 c.
893 579 929 610 fr.
955 598 993 601 —
1017 580 1054 610 A.
1078 580 1119 610 M.
1144 580 1180 610 Β.

376 656 432 690 36.
488 654 706 689 Ezccladium
742 656 987 690 verticillatum
1026 656 1166 702 (Turn.)
1195 679 1246 682 —
1273 656 1428 704 Schinip.
1463 657 1548 704 Syn.
1581 670 1615 704 p.
1651 660 1732 693 134.
1761 680 1811 685 —
1837 658 1896 693 ΒΓ.
1931 670 2003 694 eur.

540 715 610 749 tab.
640 716 698 749 40.
726 737 776 740 ——
801 714 939 749 Hartm.
969 715 1023 749 Fi.
1053 714 1107 749 ed.
1138 717 1174 758 9,
1204 727 1236 761 p.
1267 717 1324 750 53.

527 783 577 813 Ad
601 786 711 823 petras
736 787 767 813 et
791 793 885 823 rupes
910 783 1074 814 calcareas
1101 794 1206 814 rarum
1231 788 1262 815 et
1285 785 1407 821 sterile,
1439 795 1468 815 v.
1494 794 1519 815 c.
1543 773 1611 816 Abs
1642 785 1747 825 alvar,
1777 785 1859 816 inter
1883 785 2004 817 Thors-

374 834 472 865 lunda
496 837 527 864 ct
551 834 668 873 Tveta,
694 834 842 875 K'Opings
869 835 1005 865 branter.
1030 852 1071 856 —
1093 835 1131 865 A.
1156 835 1197 865 M.

526 885 620 916 Color
644 884 738 926 hujus
763 886 883 925 plantae
908 885 987 915 satis
1011 885 1128 925 variat,
1154 886 1340 925 plerumque
1365 886 1491 926 viridis,
1517 896 1755 926 nonnumquam
1772 886 2004 919 brunnescens.

374 936 467 967 Folia
491 935 614 975 rigida,
643 936 728 966 sicca
751 936 818 967 fere
843 940 938 966 recta.

375 1016 432 1049 37.
488 1014 705 1048 Distz‘elzz'wn
733 1014 958 1060 capillace'zmz
988 1012 1057 1058 (L.)
1078 1035 1126 1038 —
1147 1011 1302 1059 Schimp.
1332 1012 1417 1059 Syn.
1445 1025 1477 1059 p.
1508 1014 1588 1047 135.
1609 1035 1659 1039 —
1676 1013 1736 1048 ΒΓ.
1757 1025 1828 1049 eur.
1852 1016 1933 1050 193.
1953 1037 2004 1043 —-

537 1072 675 1107 Hartm.
707 1072 761 1107 Fl.
791 1072 845 1107 ed.
876 1073 913 1116 9,
942 1083 975 1118 p.
1007 1073 1062 1106 65.

526 1137 576 1168 Ad
602 1147 682 1168 saxa
707 1138 869 1176 calcarea,
896 1136 938 1166 ad
963 1136 1089 1166 radices
1115 1136 1261 1166 arborum
1286 1139 1344 1166 etc.
1369 1137 1512 1177 pluribus
1537 1138 1631 1177 locis,
1659 1147 1756 1177 parce
1780 1141 1901 1178 tamen,
1927 1149 1956 1169 v.
1973 1148 2001 1170 c.

374 1189 505 1230 Gai-dhy-
528 1188 570 1219 ad
595 1188 736 1228 radices,
761 1188 910 1228 K'Opings
937 1187 1081 1227 brantcr,
1107 1187 1149 1217 ad
1173 1187 1336 1226 margines
1361 1188 1484 1218 viarum
1509 1198 1607 1229 prope
1630 1189 1782 1229 templum
1806 1189 1937 1229 ching
1961 1208 2003 1212 —

374 1250 399 1272 C.
424 1240 460 1271 fr.
486 1259 524 1262 —
549 1239 590 1270 M.

374 1310 431 1344 38.
493 1307 687 1342 C'eratodon
708 1319 909 1353 purpureus
937 1306 1008 1351 (L.)
1029 1329 1079 1332 —
1098 1306 1254 1352 Schimp.
1284 1305 1368 1353 Syn.
1396 1318 1429 1353 p.
1462 1308 1541 1342 139.
1561 1329 1611 1333 —
1629 1307 1688 1342 ΒΓ.
1718 1319 1789 1343 eur.
1818 1309 1888 1343 tab.
1912 1310 2000 1354 189,

541 1368 622 1401 190.
650 1388 701 1391 —
727 1364 865 1399 Hartm.
893 1364 948 1398 Fl.
977 1364 1032 1399 ed.
1063 1367 1105 1408 9,
1137 1377 1171 1412 p.
1202 1367 1259 1400 66.

524 1440 574 1471 Ad
599 1444 730 1479 terram,
757 1438 798 1469 ad
823 1438 986 1477 margines
1011 1437 1172 1468 fossarum
1197 1440 1256 1468 eto.
1279 1437 1423 1477 vulgaris
1452 1447 1509 1477 per
1538 1441 1636 1468 totam
1667 1436 1859 1469 Oelandiam
1883 1438 1922 1469 ab
1947 1437 2002 1470 Ot-

372 1492 471 1532 tenby
496 1491 537 1522 ad
560 1490 651 1522 Beda
674 1508 717 1512 —
740 1500 766 1521 c.
791 1489 828 1520 fr.
851 1507 893 1511 ——
915 1489 954 1519 A.
979 1488 1020 1519 M.
1043 1488 1080 1518 B.

374 1570 431 1603 39.
487 1566 958 1615 Leptotrielmmflexiaaule
986 1565 1211 1611 (Schwaegr.)
1238 1587 1288 1592 —
1316 1564 1471 1610 Schimp.
1501 1563 1584 1610 Syn.
1615 1575 1647 1609 p.
1680 1566 1761 1599 144.
1781 1587 1832 1591 —
1850 1565 2001 1601 Tricho-

539 1631 694 1661 stomun]
720 1624 909 1660 flexicaule
936 1624 995 1659 Br.
1026 1636 1097 1659 eur.
1127 1624 1197 1659 tab.
1231 1625 1312 1659 180.
1344 1645 1388 1649 ——
1417 1623 1555 1657 Hartm.
1583 1622 1637 1657 Fl.
1667 1622 1722 1657 cd.
1753 1625 1790 1668 9,
1819 1635 1852 1670 p,
1884 1626 1940 1660 64.

524 1696 575 1728 Ad
607 1707 687 1727 saxa
716 1696 863 1727 calcarea.
892 1701 923 1727 et
952 1700 1068 1727 terram
1092 1696 1270 1727 calcal-eam
1297 1696 1427 1734 vulgare
1452 1705 1509 1735 per
1531 1698 1630 1725 totam
1655 1695 1722 1726 fere
1746 1694 1937 1726 Oelandiam
1962 1696 2002 1727 ab

372 1737 440 1780 Alis
471 1749 560 1779 alvar
588 1757 689 1787 usqne
723 1747 764 1777 ad
795 1747 926 1787 H'Ogby,
957 1750 988 1777 et.
1017 1748 1176 1788 praeeipue
1207 1747 1369 1787 copiosum
1398 1746 1430 1776 in
1460 1746 1582 1786 campis
1614 1746 1850 1786 alvarensibus,
1878 1747 2002 1787 passim

372 1799 566 1831 fructificans
592 1817 631 1821 —-
657 1808 682 1829 c.
707 1798 744 1829 fr.
768 1816 810 1820 —
834 1798 870 1828 A.
895 1797 936 1829 M.
962 1798 998 1828 B.

531 1868 606 1897 Var.
632 1865 835 1905 Zonyit'olium
860 1864 1138 1903 (Triclzostomwn
1162 1862 1355 1900 {onya-ostra
1377 1861 1500 1892 Hal-tm.
1524 1861 1572 1892 Fl.
1597 1861 1648 1892 cd.
1672 1861 1704 1901 7,
1729 1871 1760 1901 p.
1778 1861 1854 1902 380)
1877 1862 2001 1902 passim

373 1918 524 1957 occurrit,
554 1917 658 1947 minus
689 1917 822 1959 yulgare
852 1918 960 1945 tamen
990 1923 1085 1953 quam
1113 1912 1215 1943 forma
1243 1912 1350 1952 typica
1380 1921 1570 1952 semperque
1593 1912 1711 1943 sterile.
1757 1912 1835 1943 Haec
1859 1913 2000 1944 varietas

373 1969 544 2000 observata
568 1971 617 1998 est
633 1966 664 1996 in
682 1962 750 1997 Abs
773 1966 875 2004 alvar,
896 1965 929 1995 in
948 1964 1071 2004 campis
1087 1964 1170 1994 inter
1187 1962 1393 1993 Thorslunda
1410 1967 1442 1993 et
1458 1963 1575 2002 Tveta,
1596 1966 1627 1993 et
1643 1963 1674 1993 in
1692 1962 1882 2002 Borgholms
1900 1964 2001 1995 alvar.

371 2048 430 2081 40.
491 2045 766 2079 Trielzostonzmn
794 2042 989 2089 riyiclulwn
1018 2040 1176 2086 (Dicks.)
1208 2062 1253 2066 —
1282 2039 1438 2085 Schimp.
1473 2039 1557 2086 Syn.
1585 2051 1619 2085 p.
1651 2041 1732 2075 148.
1760 2061 1811 2066 —
1836 2040 1896 2076 Br.
1925 2052 1999 2077 eur.

538 2103 609 2137 tab.
642 2104 722 2137 176.
750 2123 801 2127 -—
828 2100 968 2135 Hartm.
996 2099 1051 2133 Fl.
1081 2098 1134 2133 cd.
1164 2100 1201 2142 9,
1230 2109 1264 2144 p.
1295 2100 1352 2133 64.

523 2173 574 2205 Ad
597 2176 714 2203 terram
739 2177 770 2203 et
792 2177 901 2213 petras
926 2172 1090 2202 calcareas
1115 2170 1258 2210 pluribus
1283 2170 1378 2210 locis,
1403 2180 1430 2201 v.
1453 2180 1480 2201 c.
1504 2170 1686 2210 Wickleby,
1713 2170 1830 2210 Tveta,
1849 2171 1999 2211 Kopings

371 2228 514 2258 hranter.
540 2225 645 2256 Horns
670 2225 772 2263 alvar,
798 2233 881 2254 nunc
901 2232 965 2253 una.
989 2232 1060 2252 cum
1086 2221 1236 2251 Barbula
1261 2222 1488 2261 anguiculum,
1513 2230 1596 2251 nunc
1621 2230 1691 2251 cun]
1716 2222 1867 2252 Barbula
1890 2232 1999 2252 convo-

372 2279 441 2308 luta
466 2281 496 2308 ct
519 2276 722 2317 Leptotrz'eho
739 2275 914 2314 fleaeicauli.
939 2292 978 2296 -
1003 2273 1041 2304 A.
1064 2272 1105 2303 M.
1130 2272 1165 2302 B.

371 2358 430 2390 41.
490 2355 764 2389 slb=icl20st0mum
792 2351 955 2386 mutabile
981 2349 1109 2384 Bruch.
1136 2371 1187 2374 —
1213 2347 1369 2394 Schimp.
1402 2347 1486 2394 Syn.
1514 2359 1547 2394 p.
1581 2349 1732 2382 1130.-
1756 2347 1815 2383 ΒΓ.
1836 2359 1907 2383 eur.
1926 2349 1998 2384 tab.

541 2413 621 2448 1ῖ4.
651 2434 701 2438 ψ-
729 2410 866 2445 Hartm.
894 2409 949 2444 Fl.
980 2407 1033 2442 ed.
1062 2409 1100 2451 9,
1130 2418 1163 2453 p.
1194 2409 1250 2442 64.

521 2485 558 2514 In
589 2483 714 2514 fissuris
744 2483 867 2522 rupium
897 2481 1115 2511 calcarearum
1145 2487 1241 2518 parce
1271 2482 1430 2518 repertum
1458 2478 1490 2508 in
1513 2477 1663 2518 Kopiugs
1687 2477 1817 2508 branter
1839 2487 1903 2508 una
1927 2488 1999 2509 cum

379 2537 594 2566 Trichostomo
619 2534 771 2573 rz'yz‘dulo.
794 2551 837 2555 —
860 2532 901 2563 Μ.
