2134 3034
439 169 484 203 10
1011 164 1055 199 N.
1082 164 1166 199 ε1011.
1195 162 1379 208 8011Ε111Ζ,

384 273 454 313 tur,
491 267 584 313 quod
620 267 772 312 Seringe
806 265 872 300 sub
908 265 1021 300 tribus
1048 264 1251 300 nominibus
1280 265 1482 311 descripsit.
1534 264 1661 310 Neque
1689 267 1808 299 tamen
1836 268 2008 310 negatum

382 327 509 373 velim,
539 338 617 372 eos,
648 327 707 372 qui
734 324 970 370 multiplicato
998 335 1145 359 numero
1178 324 1379 371 specierum
1415 323 1612 370 gaudeant,
1647 323 1683 358 in
1709 323 1831 370 plures
1865 323 2008 370 species

383 386 562 422 divisuros
590 397 672 422 esse
701 384 746 421 Gr.
776 384 950 428 strictum,
980 383 1112 430 quippe
1140 383 1235 430 quod
1263 383 1310 419 sit
1336 383 1445 418 multo
1473 383 1591 429 magis
1628 394 1733 429 quam
1766 382 1875 417 ullum
1902 382 2009 429 hujus

382 445 528 492 generis
556 446 694 481 varium
722 448 828 490 atque
855 442 1036 479 mutabile.

535 505 576 540 In
609 505 802 547 WALPERS
836 502 1049 550 Repertorio
1086 501 1272 537 botanices
1313 502 1557 549 systematicae
1593 506 1674 538 tom.
1703 502 1755 546 II,
1786 513 1820 548 p.
1856 503 2006 536 46—48

382 564 534 612 (Lipsiae
565 566 676 610 1843)
703 564 760 599 1]ae
787 573 892 597 novae
920 560 1062 608 species
1090 561 1285 596 afferuntur
1312 572 1383 596 una
1410 573 1489 596 cum
1516 561 1828 597 observationibus
1857 560 1901 596 dc
1927 571 2008 607 spe-

382 624 505 659 ciebus
534 623 747 670 quibusdam
772 626 878 658 antea
904 621 1016 656 notis:
1063 620 1177 656 Geum
1210 621 1471 668 heterocarpmn
1498 620 1612 664 Bois,
1647 621 1707 667 qui
1734 621 1827 656 hanc
1853 619 2008 655 maxime

381 683 649 719 memorabilem
683 682 843 729 plantam
875 681 911 716 in
945 679 1126 727 Hispania
1153 679 1288 715 detexit
1316 684 1351 715 et
1379 691 1472 715 anno
1501 681 1596 715 1838
1623 680 1833 727 descripsit,
1867 679 1911 714 G.
1938 679 2007 714 mi-

381 744 592 791 cropetalum
621 755 642 778 a
676 741 892 788 Gasparrini
921 740 1099 775 detectum
1131 743 1166 774 et
1193 739 1429 786 descriptum,
1466 739 1509 774 G.
1537 740 1736 774 umbrosum
1772 743 1807 774 et
1844 739 1888 774 G.
1916 739 2007 774 inci-

380 816 473 843 sum,
503 814 584 849 quae
609 802 671 838 Du
697 801 847 837 Mortier
873 811 966 835 anuo
998 800 1093 834 1827
1122 798 1158 834 111
1185 798 1313 834 florula
1339 799 1492 845 Belgica
1521 798 1780 846 descripserat,
1814 798 1858 834 G.
1879 800 2008 834 elatum

380 862 507 907 Wall.,
546 862 590 897 G.
619 861 846 909 calthz'folz'um
873 859 1004 904 Smith,
1034 859 1136 905 cujus
1169 863 1243 894 tres
1270 859 1394 894 formae
1428 863 1509 894 sunt
1541 873 1566 894 οι
1593 859 1760 901 dilatata,
1796 857 1825 901 β
1844 859 2008 893 rotundi-

369 922 479 970 folz'a,
507 937 535 968 γ
554 928 721 968 compasta.
751 943 799 946 —
826 919 898 955 Pro
927 918 1096 963 Oreogco
1125 922 1160 953 et
1188 917 1373 964 Stictogeo
1410 929 1540 952 nomen
1579 917 1772 954 Sieversiae
1799 922 2007 965 usurpatum

379 984 557 1028 praeterea
585 980 666 1016 duae
694 979 959 1016 subdivisiones
988 990 1009 1013 a
1037 977 1191 1023 Seringe
1218 988 1288 1012 11011
1315 981 1471 1024 receptae
1497 976 1726 1021 adhibentur,
1757 978 1883 1013 eodem
1902 977 2008 1014 modo

380 1052 422 1076 ac
449 1040 555 1076 hodie
584 1038 878 1085 circumscriptae:
910 1037 1066 1085 Stylz'pus
1093 1036 1294 1083 Rafinesq„
1324 1037 1424 1083 cujus
1451 1036 1593 1083 species
1622 1042 1677 1072 est
1706 1036 1750 1073 Gr.
1779 1048 1942 1081 vernum,
1973 1041 2008 1073 et

385 1101 577 1148 Calliqeum
609 1099 731 1135 Fisch.
767 1102 802 1134 01
834 1097 945 1145 May„
979 1097 1081 1142 cujus
1116 1107 1186 1131 una
1213 1096 1356 1142 species
1384 1108 1406 1132 a
1432 1096 1573 1131 BALBIS
1597 1097 1675 1142 jam
1704 1107 1798 1131 anno
1830 1098 1928 1132 1824
1956 1097 2007 1132 di-

380 1160 511 1196 stincta
540 1159 603 1205 (G.
631 1160 776 1195 ehilense
801 1157 920 1205 Balb.)
949 1168 970 1191 a
998 1155 1151 1201 Seringe
1176 1166 1246 1190 non
1274 1160 1587 1200 commemoratur,
1617 1156 1730 1191 altera
1756 1167 1842 1191 vero
1863 1155 1908 1192 Gr.
1928 1168 2007 1192 coc-

378 1220 518 1255 cineum
542 1220 619 1266 jam
641 1218 701 1253 diu
728 1217 921 1263 cognitum.
949 1238 997 1241 ——
1026 1215 1067 1250 In
1094 1214 1222 1250 eodem
1242 1226 1349 1261 opere
1382 1219 1464 1250 tom.
1496 1214 1540 1261 V,
1569 1226 1602 1261 p.
1633 1216 1704 1250 567
1738 1213 1779 1251 O.
1807 1214 1919 1251 KOCH
1948 1216 2007 1251 de-

377 1279 523 1325 scripsit
560 1278 603 1315 G.
635 1277 911 1325 yrczndzflorum,
945 1274 1040 1321 quod
1073 1285 1145 1310 11011
1178 1278 1234 1309 001
1268 1273 1337 1308 11101
1366 1273 1411 1310 Gr.
1441 1274 1646 1310 coccineum
1673 1273 1787 1310 Smith
1817 1278 1852 1310 et
1877 1274 2007 1320 Sibth„

378 1342 484 1385 atque
512 1349 545 1384 p.
574 1339 644 1373 656
675 1336 856 1382 descripta
883 1339 939 1370 est
968 1334 1139 1370 Sieversia
1167 1334 1341 1380 alhiflora,
1367 1345 1473 1380 quam
1491 1333 1755 1369 illustrissimus
1774 1333 1835 1369 ille
1854 1334 2007 1371 Hooker

376 1398 414 1434 111
440 1397 530 1434 flora
557 1396 766 1432 Antarctica
790 1395 982 1442 descripsit
1009 1398 1044 1429 et
1069 1393 1291 1440 pingendam
1317 1393 1464 1429 curavit.

531 1457 693 1493 TORREY
721 1459 755 1491 et
782 1455 863 1491 ASA
891 1453 1006 1490 GRAY
1032 1453 1068 1488 in
1095 1452 1185 1488 flora
1212 1453 1251 1488 of
1280 1453 1394 1488 North
1429 1452 1597 1488 America
1625 1453 1766 1500 species
1795 1454 2007 1501 septentrio-

377 1516 695 1553 nali-americanas
723 1515 855 1562 optime
885 1517 1140 1560 exposuerunt,
1169 1517 1207 1548 ut
1234 1513 1340 1547 etiam
1368 1511 1558 1548 OHAMISSO
1587 1515 1622 1547 et
1647 1512 1943 1549 SGHLECTENDAL
1970 1514 2007 1550 in

376 1576 529 1612 Linnaea
561 1575 763 1622 complures
798 1573 1002 1611 Sieversias
1036 1572 1305 1619 descripserunt
1338 1575 1374 1607 et
1405 1571 1532 1606 melius
1566 1572 1730 1617 cognitas
1765 1572 2006 1610 reddiderunt.

376 1636 587 1671 LEDEBOUR
614 1635 757 1681 species
785 1633 927 1680 imperii
952 1631 1113 1677 Rossici,
1139 1631 1251 1667 Kocn
1270 1630 1509 1667 Germanicas
1529 1635 1564 1666 et
1583 1631 1808 1678 Helveticas‚
1830 1631 2007 1669 GRENIER

378 1699 413 1730 et
441 1694 603 1731 GODRON
630 1693 795 1730 Gallicas
824 1692 956 1740 optime
984 1695 1190 1727 tractarunt.
1234 1691 1361 1737 Neque
1387 1691 1522 1726 minore
1550 1690 1655 1726 laude
1684 1691 1785 1738 digni
1805 1696 1887 1727 sunt
1905 1692 2007 1729 ΗΟΟ-

375 1763 470 1800 KER,
505 1754 550 1790 H.
578 1754 621 1789 A.
648 1753 837 1799 WEDDEL,
872 1752 1073 1796 WALLICH,
1110 1749 1214 1795 GAY,
1249 1750 1294 1785 D.
1330 1750 1432 1794 DON,
1466 1749 1614 1795 ROYLE,
1651 1750 1824 1786 LINDLEY
1856 1751 2004 1798 aliique,

376 1813 436 1860 qui
464 1813 532 1849 hoc
559 1824 675 1859 genus
702 1812 926 1848 illustrarunt
952 1810 1011 1845 vel
1038 1809 1179 1845 eximiis
1208 1808 1511 1855 descriptionibus
1540 1815 1574 1845 et
1609 1809 1921 1846 observationibus
1948 1812 2007 1847 vel

376 1872 504 1919 figuris
532 1872 768 1907 nitidissimis.

528 1931 714 1968 Botanicis
741 1930 885 1966 Rossiae
912 1928 1070 1976 cognitio
1097 1928 1202 1974 hujus
1231 1927 1376 1974 generis
1404 1927 1509 1974 plura
1536 1927 1644 1963 debet
1671 1939 1777 1974 quam
1797 1929 1872 1964 fere
1892 1929 2004 1964 omni-

375 1992 442 2028 bus
471 1991 563 2027 aliis.
617 1991 660 2026 In
687 1989 810 2026 Indice
836 1989 942 2025 tertio
971 1989 1145 2024 seminum
1173 1987 1267 2023 horti
1292 1987 1555 2034 Petropolitani
1581 1999 1674 2023 anno
1704 1990 1799 2024 1837
1828 1988 1869 2023 F.
1897 1988 1939 2023 E.
1959 1988 2002 2024 L.

375 2051 544 2087 F1scnmz
579 2054 614 2086 et
646 2050 689 2086 E.
723 2049 766 2085 R.
802 2049 1081 2084 TRAUTVETTER
1114 2047 1419 2083 communicarunt
1451 2046 1666 2082 revisionem
1703 2047 1904 2094 specierum
1938 2047 2006 2083 rite

375 2110 616 2156 cognitarum,
657 2121 728 2156 qua
769 2108 968 2144 accuratior
1008 2112 1043 2143 et
1083 2107 1247 2142 subtilior
1289 2105 1448 2152 cognitio
1491 2105 1616 2141 harum
1657 2106 1856 2153 plantarum
1900 2106 2004 2142 valde

377 2170 589 2216 augebatur.

529 2227 611 2264 Grea
638 2240 660 2263 a
684 2226 877 2264 Sieversiis
906 2227 1154 2273 sejiinxerunt3
1180 2223 1352 2260 tredecim
1382 2223 1523 2270 quidem
1552 2223 1658 2260 modo
1684 2225 1826 2271 species
1847 2224 2006 2271 descrip-

375 2292 511 2332 serunt,
547 2287 612 2323 sed
647 2286 797 2334 optime3
832 2297 1033 2334 synonyma
1067 2285 1261 2320 attulerunt
1292 2286 1399 2318 certa.
1454 2283 1598 2319 Nullam
1626 2284 1915 2330 praestantiorem
1944 2283 2004 2319 de-

376 2347 607 2394 scriptionem
635 2346 734 2393 prius
763 2345 896 2380 editam
922 2344 1044 2380 videre
1071 2344 1165 2380 licet.
1218 2343 1328 2379 Nulla
1355 2342 1478 2388 specie
1506 2354 1599 2378 nova
1617 2343 1818 2390 proposita,
1840 2343 2006 2390 cognitas

375 2406 605 2441 extricarunt.
659 2404 811 2441 Fischer
846 2408 881 2440 01
914 2404 1145 2440 Trautvetter
1172 2403 1375 2438 reviserunt
1401 2401 1468 2437 has
1497 2402 1655 2449 species,
1685 2414 1775 2449 quas
1803 2403 1854 2438 ita
1883 2402 2004 2449 dispo-

375 2466 524 2501 nebant:
