2134 3034
584 226 705 262 Musei
733 237 778 262 m·
806 228 1013 265 HEPATICAE
1041 230 1262 269 OELANmAE.
1647 239 1693 272 37

269 325 384 356 Planta
409 328 442 356 ut
466 325 590 356 solitum
614 327 729 358 eximie
753 329 927 360 variabilis.
984 332 1058 362 Ῐάν.
1077 333 1239 372 julaccmn
1263 335 1358 373 (Zett.
1382 336 1481 367 Musc..
1506 337 1692 369 Kinnekull.
1716 350 1746 380 p.

120 375 175 415 21)
200 379 249 406 est
272 375 371 406 fornia
397 376 492 407 valde
510 377 647 416 insignis
666 382 697 408 et
714 379 851 409 occurrit
868 381 988 420 passini
1007 381 1037 411 in
1056 381 1184 413 ''Sodra
1201 384 1366 416 Alvaren’'
1386 386 1425 417 ad
1445 391 1552 427 petras
1570 389 1745 421 calcareas.

120 454 201 488 187.
258 453 434 500 Ῑῆφηωη
470 461 633 501 pratense
668 454 784 490 Koch.
819 477 868 482 —
903 456 1058 503 Seliilllp.
1092 458 1175 505 Syn.
1211 472 1244 506 1).
1281 464 1363 497 628.
1397 485 1447 489 —
1481 464 1538 498 Br.
1575 477 1645 500 eur.
1675 467 1745 502 fab.

310 515 392 548 0⁴11.
421 535 471 538 —
496 512 635 547 Hartln.
665 513 719 548 Fl.
749 514 802 548 ed.
834 516 870 557 9,
900 526 932 560 p.
966 518 1018 551 19.

268 587 318 618 Ad
343 591 459 619 terram
484 588 645 619 humidam
672 600 743 620 raro
768 593 798 620 et
821 593 942 621 tantum
968 596 1124 632 repertun]
1150 594 1180 624 in
1207 595 1297 625 Roda
1324 596 1523 638 kmnopark,
1550 599 1600 630 ubi
1625 600 1747 640 parois-

119 638 198 669 sime
221 639 285 678 legi
309 639 341 669 in
366 639 448 670 silva
473 639 615 671 abietina
639 641 902 680 Bogateskogen.
929 660 967 663 —
992 642 1027 673 B.

274 691 350 721 Γᾶν.
383 693 403 730 ρ)
437 692 601 721 bannitum
637 691 778 732 Schimp.
804 691 880 732 Syn.
906 692 924 723 l.
951 702 992 729 e.,
1025 694 1109 733 quod
1138 699 1187 726 sat
1216 697 1347 736 vulgare
1385 702 1434 729 est
1463 709 1520 739 per
1550 704 1645 731 totam
1680 702 1745 732 fere

117 740 382 779 Scandiliaviam,
413 741 444 771 in
480 740 640 773 Oelandia
669 746 776 773 tamen
807 743 923 774 deesse
954 743 1090 775 videtur.
1135 746 1212 777 Haec
1237 748 1375 779 varietas
1400 751 1506 789 quoad
1531 751 1669 782 habitum
1695 756 1746 783 sat

117 791 246 822 aberrat
268 801 287 822 a
310 791 412 823 forma
436 792 544 832 typica
567 792 618 822 Er.
644 802 724 829 euin,
751 803 849 832 quare
875 804 893 824 a
917 795 1129 835 compluribus
1154 798 1349 837 auctoribus,
1380 805 1412 831 ut
1436 801 1511 833 mihi
1535 801 1660 832 videtur
1684 813 1744 833 nou

117 843 186 873 sine
211 844 351 880 ratione,
377 844 486 884 specie
511 843 726 883 distinguitur.

117 922 198 955 188.
255 920 435 968 JIypmmz
476 921 676 955 molluscwn
721 920 765 955 H.
801 943 850 947 —
886 921 1042 968 Schiinp.
1077 922 1161 970 Syn.
1198 937 1231 971 p.
1268 928 1350 961 (331.
1385 949 1435 953 —
1469 928 1527 964 ΒΓ.
1565 941 1636 965 eur.
1672 932 1743 966 tab.

307 981 390 1014 598.
415 1001 466 1005 -
492 978 632 1014 Hartm.
661 979 715 1014 Fl.
744 979 798 1014 ed.
830 984 867 1024 9,
894 992 926 1026 p.
959 983 1014 1016 15.

275 1055 327 1087 Ad
361 1055 499 1096 lapides,
537 1065 644 1087 muros
678 1059 709 1086 et
743 1059 854 1096 peti-as
891 1057 1055 1101 enioareas
1097 1060 1203 1090 multis
1239 1062 1333 1102 locis,
1370 1065 1532 1104 praeoipue
1569 1068 1675 1096 tamen
1711 1066 1743 1096 in

116 1106 274 1138 Oelandia
298 1106 404 1138 media
430 1111 462 1137 at
485 1117 556 1138 raro
579 1106 790 1146 fructificans,
816 1117 845 1137 v.
871 1116 895 1137 e.
920 1107 988 1137 Alis
1013 1108 1117 1147 alvar,
1144 1110 1245 1142 Tveta
1270 1113 1412 1153 copiose,
1434 1115 1595 1155 Grfiborg,
1613 1117 1742 1156 Alguts-

113 1168 196 1198 runi,
226 1158 523 1198 Ismantorpsborg,
555 1158 648 1189 Stora
675 1158 754 1197 Ros,
788 1158 897 1198 Ralla,
926 1158 1105 1199 Repplinge
1136 1161 1239 1201 alvar,
1276 1163 1465 1204 Borgholius
1501 1167 1741 1208 slottsbrantei·,

113 1209 263 1250 Kopings
288 1208 432 1248 branter,
458 1209 564 1240 Horns
590 1209 771 1249 sjobranter
795 1226 837 1231 ——
860 1219 887 1240 e.
912 1209 948 1240 fr.
972 1228 1010 1231 —
1034 1210 1072 1241 A.
1097 1211 1137 1242 M.
1164 1212 1199 1243 B.

115 1288 196 1322 189.
250 1286 431 1334 Hypmmz
459 1287 563 1320 crista
592 1287 773 1321 castrensis
801 1286 842 1321 L.
871 1309 921 1312 ——
949 1286 1103 1334 Soliimp.
1127 1288 1211 1336 Syn.
1233 1303 1265 1337 p.
1297 1293 1378 1327 (332.
1407 1314 1456 1319 —
1481 1294 1540 1329 ΒΓ.
1570 1306 1641 1330 eur.
1670 1297 1741 1331 tab.

305 1347 388 1380 599.
418 1366 465 1370 —
498 1345 637 1380 Hartm.
669 1345 724 1380 Fi.
754 1345 808 1380 ed.
841 1347 879 1390 9,
907 1358 939 1392 p.
972 1348 1028 1381 15.

260 1422 298 1453 In
321 1422 480 1453 umbrosis
505 1422 656 1453 silvarum
682 1424 713 1452 et
736 1421 980 1453 frondiferarum
1006 1426 1036 1453 et
1060 1423 1279 1455 Coniferarum
1304 1430 1354 1457 sat
1377 1438 1462 1468 raro,
1481 1439 1509 1459 v.
1528 1439 1553 1460 e.
1578 1430 1741 1471 Fui-jesta-

113 1472 191 1512 den,
216 1472 306 1503 Roda
330 1472 518 1514 kronopark
543 1474 575 1504 111
598 1473 851 1513 Bogateskogen
877 1492 917 1495 —
942 1483 967 1504 e.
992 1474 1028 1505 fr.
1056 1492 1094 1496 —
1118 1475 1158 1505 M.
1183 1476 1219 1506 Β.

115 1550 196 1584 190.
252 1549 434 1596 Hypmmz
459 1551 616 1598 palustre
642 1550 684 1585 L.
714 1572 764 1576 <—
799 1549 954 1596 Schimp.
992 1550 1076 1598 Syn.
1114 1564 1146 1598 p.
1182 1555 1264 1589 (334.
1293 1577 1343 1581 —
1370 1555 1428 1591 ΒΓ.
1456 1568 1527 1593 eur.
1555 1560 1625 1595 tab.
1653 1562 1740 1606 574,

306 1609 389 1643 575.
418 1631 468 1634 —
494 1608 634 1644 Hartm.
663 1609 717 1643 Fi.
746 1608 800 1644 od.
832 1611 868 1652 9,
897 1621 931 1655 p.
964 1611 1018 1646 18.

263 1684 496 1715 Tantummodo
526 1689 685 1726 repertum
716 1685 748 1716 in
779 1685 868 1716 saxis
897 1686 1052 1717 ‹salaai-eis
1077 1687 1170 1728 juxta
1201 1688 1333 1720 rivulum
1364 1701 1464 1732 prope
1494 1694 1643 1733 templum
1674 1695 1740 1726 K'o-

110 1735 204 1775 pingy
227 1735 280 1766 ubi
304 1738 411 1766 tamen
437 1736 569 1776 copioso
593 1736 681 1776 viget
702 1746 766 1767 una
790 1746 860 1767 cum
885 1739 1136 1779 Rlzfflzclwsteffio
1160 1741 1347 1780 rzcscfformi
1369 1760 1408 1763 —
1432 1752 1457 1773 o.
1481 1743 1518 1775 fr.
1544 1763 1583 1766 —
1608 1745 1648 1776 M.

264 1787 356 1818 Folia
381 1787 490 1818 forniae
514 1786 701 1818 Oelandioae
725 1788 880 1819 instructa
905 1792 978 1820 sunt
1001 1798 1098 1820 nervo
1124 1799 1233 1821 crasso
1262 1796 1293 1822 et
1316 1792 1418 1833 firmo,
1444 1795 1568 1834 apicem
1593 1796 1656 1827 folii
1675 1797 1740 1829 fere

110 1837 298 1877 attingente.

113 1916 195 1949 191.
249 1915 430 1963 Hypizum
474 1916 694 1964 corclg'sblium
727 1915 773 1952 H.
806 1938 858 1943 -
895 1916 1052 1964 Schimp.
1081 1916 1165 1964 Syn.
1197 1930 1230 1965 p.
1268 1920 1351 1957 641.
1385 1942 1435 1947 —
1467 1922 1526 1957 ΒΓ.
1561 1934 1632 1959 eur.
1668 1926 1738 1961 tab.

309 1975 391 2008 615.
422 1995 472 2000 —-
498 1974 637 2010 Hartm.
667 1975 721 2010 Fl.
751 1975 805 2010 ed.
833 1978 870 2020 9,
900 1987 932 2022 p.
963 1978 995 2011 3.

259 2050 295 2081 In
326 2049 464 2081 humidis
495 2051 663 2090 uliginosis
694 2052 846 2082 silvarum
877 2052 1121 2083 frondiferarum
1156 2053 1299 2093 pluribus
1335 2056 1428 2096 loeis,
1463 2067 1491 2088 v.
1522 2067 1547 2088 o.
1584 2058 1737 2101 Ottenby-

109 2101 200 2142 lund⁷
224 2101 256 2132 in
281 2105 431 2141 querceto
451 2101 544 2142 juxta
568 2101 762 2143 Strandtorp
787 2103 938 2143 paroeeiae
963 2104 1158 2144 Repplinge7
1186 2104 1276 2135 B'oda
1300 2105 1494 2147 kronopark.
1512 2126 1554 2130 ——
1577 2110 1614 2141 A.
1638 2111 1679 2142 M.
1701 2112 1736 2143 B.

112 2180 193 2214 192.
248 2179 429 2227 I'Iypnum
453 2179 656 2226 yiyaozteum
688 2179 844 2226 Schiinp.
874 2180 958 2228 Syn.
988 2193 1020 2228 p.
1052 2182 1134 2216 (342.
1159 2203 1206 2207 —
1240 2181 1379 2217 Hartm.
1408 2183 1462 2218 Fl.
1492 2185 1546 2220 ed.
1577 2188 1612 2232 9,
1643 2200 1675 2234 p.
1705 2191 1737 2225 3.

258 2255 295 2286 In
320 2254 491 2295 paludibus
516 2258 547 2286 et
570 2255 667 2286 fossis
691 2259 750 2287 etc.
778 2257 922 2296 pluribus
947 2257 1042 2297 locis,
1067 2267 1096 2288 v.
1121 2267 1146 2288 o.
1172 2258 1276 2289 Tveta
1295 2259 1387 2300 juxta
1406 2260 1538 2292 rivulum
1558 2264 1735 2306 quendam,

106 2305 139 2336 in
162 2306 260 2337 fossis
286 2308 317 2336 et
339 2306 445 2346 puteis
470 2316 570 2347 prope
595 2307 773 2347 Trogstad,
799 2308 973 2347 Borghohn
997 2308 1029 2339 in
1054 2308 1222 2349 paludibus
1248 2310 1330 2340 infra
1354 2320 1470 2342 arcem.
1497 2331 1536 2334 —
1560 2313 1601 2344 M.

110 2385 191 2419 193.
245 2383 427 2437 I-Jypmtm
456 2384 675 2431 cuspidatum
695 2384 738 2420 L.
753 2407 802 2411 —-
820 2384 975 2431 Schimp.
996 2385 1081 2432 Syn.
1102 2398 1134 2432 p.
1157 2388 1238 2423 644.
1254 2408 1304 2412 —
1322 2386 1382 2421 ΒΓ.
1403 2399 1474 2423 eur.
1494 2389 1565 2424 tab.
1588 2392 1669 2426 619.
1685 2414 1736 2418 —

298 2441 438 2477 Hartm.
467 2442 521 2477 Fl.
550 2442 604 2477 ed.
634 2445 671 2482 9,
700 2454 733 2489 p.
764 2444 796 2478 3.

256 2519 293 2550 In
322 2517 494 2558 paludibus
525 2522 556 2549 et
584 2518 664 2549 loeis
690 2518 859 2558 uliginosis
882 2519 1015 2559 vulgare
1038 2530 1095 2560 pei·
1119 2523 1216 2551 totam
1242 2519 1432 2552 Oelandiam
1458 2522 1497 2553 ab
1523 2522 1666 2565 Ottenby
1691 2525 1733 2556 ad

106 2569 197 2601 Boda
222 2587 260 2592 -
287 2578 312 2599 c.
337 2569 373 2600 fr.
397 2587 439 2591 —
461 2570 499 2599 A.
524 2569 564 2599 M.
588 2569 624 2599 Β.
