<?xml version="1.0" encoding="UTF-8"?>
<!DOCTYPE html PUBLIC "-//W3C//DTD XHTML 1.0 Transitional//EN"
    "http://www.w3.org/TR/xhtml1/DTD/xhtml1-transitional.dtd">
<html xmlns="http://www.w3.org/1999/xhtml" xml:lang="en" lang="en">
 <head>
  <title>
</title>
<meta http-equiv="Content-Type" content="text/html;charset=utf-8" />
  <meta name='ocr-system' content='tesseract 3.04.00' />
  <meta name='ocr-capabilities' content='ocr_page ocr_carea ocr_par ocr_line ocrx_word'/>
</head>
<body>
  <div class='ocr_page' id='page_1' title='image "./novaactaregiaeso37kung_0029.png"; bbox 0 0 2134 3034; ppageno 0'>
   <div class='ocr_carea' id='block_1_1' title="bbox 573 228 1667 271">
    <p class='ocr_par' dir='ltr' id='par_1_1' title="bbox 573 228 1667 271">
     <span class='ocr_line' id='line_1_1' title="bbox 573 228 1667 271; baseline 0.008 -9"><span class='ocrx_word' id='word_1_1' title='bbox 573 228 692 263; x_wconf 67' lang='lat' dir='ltr'>Masei</span> <span class='ocrx_word' id='word_1_2' title='bbox 722 238 765 264; x_wconf 76' lang='lat' dir='ltr'>Er</span> <span class='ocrx_word' id='word_1_3' title='bbox 794 230 1001 267; x_wconf 66' lang='lat' dir='ltr'>HEPATIOAE</span> <span class='ocrx_word' id='word_1_4' title='bbox 1029 232 1250 269; x_wconf 79' lang='lat' dir='ltr'><strong>OELANDIAE.</strong></span> <span class='ocrx_word' id='word_1_5' title='bbox 1624 238 1667 271; x_wconf 76' lang='grc'>17</span> 
     </span>
    </p>
   </div>
   <div class='ocr_carea' id='block_1_2' title="bbox 99 326 1726 712">
    <p class='ocr_par' dir='ltr' id='par_1_2' title="bbox 101 326 1723 417">
     <span class='ocr_line' id='line_1_2' title="bbox 249 326 1723 374; baseline 0.007 -18"><span class='ocrx_word' id='word_1_6' title='bbox 249 326 299 356; x_wconf 82' lang='lat' dir='ltr'>Ad</span> <span class='ocrx_word' id='word_1_7' title='bbox 322 336 401 357; x_wconf 54' lang='lat' dir='ltr'>saxa,</span> <span class='ocrx_word' id='word_1_8' title='bbox 426 330 456 357; x_wconf 87' lang='lat' dir='ltr'>ct</span> <span class='ocrx_word' id='word_1_9' title='bbox 480 326 622 366; x_wconf 77' lang='lat' dir='ltr'>lapides,</span> <span class='ocrx_word' id='word_1_10' title='bbox 648 329 805 369; x_wconf 63' lang='lat' dir='ltr'>praecipue</span> <span class='ocrx_word' id='word_1_11' title='bbox 830 333 939 369; x_wconf 82' lang='lat' dir='ltr'>petras</span> <span class='ocrx_word' id='word_1_12' title='bbox 963 332 1142 372; x_wconf 73' lang='lat' dir='ltr'>calcareas,</span> <span class='ocrx_word' id='word_1_13' title='bbox 1169 332 1309 372; x_wconf 80' lang='lat' dir='ltr'>vulgaris</span> <span class='ocrx_word' id='word_1_14' title='bbox 1335 343 1392 374; x_wconf 87' lang='lat' dir='ltr'>per</span> <span class='ocrx_word' id='word_1_15' title='bbox 1414 337 1512 366; x_wconf 82' lang='lat' dir='ltr'>totam</span> <span class='ocrx_word' id='word_1_16' title='bbox 1532 335 1723 367; x_wconf 78' lang='lat' dir='ltr'>Oelandiam</span> 
     </span>
     <span class='ocr_line' id='line_1_3' title="bbox 101 376 914 417; baseline 0.005 -10"><span class='ocrx_word' id='word_1_17' title='bbox 101 377 140 407; x_wconf 84' lang='lat' dir='ltr'>ab</span> <span class='ocrx_word' id='word_1_18' title='bbox 166 376 305 417; x_wconf 77' lang='lat' dir='ltr'>Ottonby</span> <span class='ocrx_word' id='word_1_19' title='bbox 329 376 369 407; x_wconf 87' lang='lat' dir='ltr'>ad</span> <span class='ocrx_word' id='word_1_20' title='bbox 394 377 483 407; x_wconf 67' lang='lat' dir='ltr'>Roda</span> <span class='ocrx_word' id='word_1_21' title='bbox 509 395 546 400; x_wconf 90' lang='lat'>—</span> <span class='ocrx_word' id='word_1_22' title='bbox 573 386 598 406; x_wconf 80' lang='lat' dir='ltr'><strong>e.</strong></span> <span class='ocrx_word' id='word_1_23' title='bbox 623 377 659 407; x_wconf 86' lang='lat' dir='ltr'><strong>fr.</strong></span> <span class='ocrx_word' id='word_1_24' title='bbox 686 396 724 399; x_wconf 97' lang='lat'><strong>—</strong></span> <span class='ocrx_word' id='word_1_25' title='bbox 748 379 785 409; x_wconf 77' lang='lat' dir='ltr'><strong>A.</strong></span> <span class='ocrx_word' id='word_1_26' title='bbox 811 379 850 409; x_wconf 88' lang='lat' dir='ltr'>M.</span> <span class='ocrx_word' id='word_1_27' title='bbox 877 380 914 411; x_wconf 87' lang='lat' dir='ltr'>B.</span> 
     </span>
    </p>

    <p class='ocr_par' dir='ltr' id='par_1_3' title="bbox 99 428 1726 712">
     <span class='ocr_line' id='line_1_4' title="bbox 252 428 1722 477; baseline 0.007 -20"><span class='ocrx_word' id='word_1_28' title='bbox 252 428 365 458; x_wconf 77' lang='lat' dir='ltr'>Planta</span> <span class='ocrx_word' id='word_1_29' title='bbox 395 437 490 466; x_wconf 80' lang='lat' dir='ltr'>quain</span> <span class='ocrx_word' id='word_1_30' title='bbox 514 428 651 457; x_wconf 83' lang='lat' dir='ltr'>maxime</span> <span class='ocrx_word' id='word_1_31' title='bbox 676 428 853 468; x_wconf 82' lang='lat' dir='ltr'>variabilis,</span> <span class='ocrx_word' id='word_1_32' title='bbox 880 431 1064 470; x_wconf 79' lang='lat' dir='ltr'>plerumque</span> <span class='ocrx_word' id='word_1_33' title='bbox 1090 433 1235 464; x_wconf 82' lang='lat' dir='ltr'>olivacea</span> <span class='ocrx_word' id='word_1_34' title='bbox 1261 434 1409 475; x_wconf 79' lang='lat' dir='ltr'>occurrit,</span> <span class='ocrx_word' id='word_1_35' title='bbox 1436 436 1517 467; x_wconf 86' lang='lat' dir='ltr'>soliis</span> <span class='ocrx_word' id='word_1_36' title='bbox 1543 436 1722 477; x_wconf 81' lang='lat' dir='ltr'>brevipilis,</span> 
     </span>
     <span class='ocr_line' id='line_1_5' title="bbox 103 477 1725 527; baseline 0.006 -19"><span class='ocrx_word' id='word_1_37' title='bbox 103 488 336 518; x_wconf 83' lang='lat' dir='ltr'>nonnumquam</span> <span class='ocrx_word' id='word_1_38' title='bbox 360 477 442 508; x_wconf 86' lang='lat' dir='ltr'>foliis</span> <span class='ocrx_word' id='word_1_39' title='bbox 467 477 630 518; x_wconf 81' lang='lat' dir='ltr'>longipilis</span> <span class='ocrx_word' id='word_1_40' title='bbox 648 478 666 508; x_wconf 92' lang='lat' dir='ltr'>l.</span> <span class='ocrx_word' id='word_1_41' title='bbox 685 479 811 509; x_wconf 78' lang='lat' dir='ltr'>oninino</span> <span class='ocrx_word' id='word_1_42' title='bbox 835 481 970 511; x_wconf 75' lang='lat' dir='ltr'>mut-icis.</span> <span class='ocrx_word' id='word_1_43' title='bbox 1017 482 1164 514; x_wconf 74' lang='lat' dir='ltr'>Varietas</span> <span class='ocrx_word' id='word_1_44' title='bbox 1182 484 1319 515; x_wconf 78' lang='lat' dir='ltr'>maxime</span> <span class='ocrx_word' id='word_1_45' title='bbox 1336 485 1472 525; x_wconf 83' lang='lat' dir='ltr'>insignis</span> <span class='ocrx_word' id='word_1_46' title='bbox 1491 489 1612 526; x_wconf 72' lang='lat' dir='ltr'>(forma</span> <span class='ocrx_word' id='word_1_47' title='bbox 1630 490 1725 527; x_wconf 64' lang='lat' dir='ltr'>myra</span> 
     </span>
     <span class='ocr_line' id='line_1_6' title="bbox 100 527 1724 577; baseline 0.006 -18"><span class='ocrx_word' id='word_1_48' title='bbox 100 529 181 559; x_wconf 87' lang='lat' dir='ltr'><strong>Zett.</strong></span> <span class='ocrx_word' id='word_1_49' title='bbox 204 528 333 559; x_wconf 83' lang='lat' dir='ltr'>Grimrn.</span> <span class='ocrx_word' id='word_1_50' title='bbox 358 527 474 559; x_wconf 73' lang='lat' dir='ltr'>Seand.</span> <span class='ocrx_word' id='word_1_51' title='bbox 501 538 530 568; x_wconf 84' lang='lat' dir='ltr'>p.</span> <span class='ocrx_word' id='word_1_52' title='bbox 554 528 612 566; x_wconf 81' lang='lat'>53)</span> <span class='ocrx_word' id='word_1_53' title='bbox 640 532 690 558; x_wconf 81' lang='lat' dir='ltr'>est</span> <span class='ocrx_word' id='word_1_54' title='bbox 714 529 805 568; x_wconf 84' lang='lat' dir='ltr'>nigra</span> <span class='ocrx_word' id='word_1_55' title='bbox 830 530 914 561; x_wconf 83' lang='lat' dir='ltr'>foliis</span> <span class='ocrx_word' id='word_1_56' title='bbox 940 531 1062 562; x_wconf 80' lang='lat' dir='ltr'>obtusis</span> <span class='ocrx_word' id='word_1_57' title='bbox 1087 533 1249 573; x_wconf 85' lang='lat' dir='ltr'>epiliferis.</span> <span class='ocrx_word' id='word_1_58' title='bbox 1296 534 1373 565; x_wconf 80' lang='lat' dir='ltr'>Haec</span> <span class='ocrx_word' id='word_1_59' title='bbox 1402 536 1558 577; x_wconf 75' lang='lat' dir='ltr'>varietas,</span> <span class='ocrx_word' id='word_1_60' title='bbox 1588 548 1658 577; x_wconf 79' lang='lat' dir='ltr'>qvae</span> <span class='ocrx_word' id='word_1_61' title='bbox 1682 537 1724 568; x_wconf 82' lang='lat' dir='ltr'>ad</span> 
     </span>
     <span class='ocr_line' id='line_1_7' title="bbox 99 578 1723 628; baseline 0.006 -19"><span class='ocrx_word' id='word_1_62' title='bbox 99 583 208 619; x_wconf 81' lang='lat' dir='ltr'>petras</span> <span class='ocrx_word' id='word_1_63' title='bbox 238 580 401 610; x_wconf 82' lang='lat' dir='ltr'>calcareas</span> <span class='ocrx_word' id='word_1_64' title='bbox 438 582 557 608; x_wconf 76' lang='lat' dir='ltr'>tanturn</span> <span class='ocrx_word' id='word_1_65' title='bbox 589 578 676 618; x_wconf 81' lang='lat' dir='ltr'>viget</span> <span class='ocrx_word' id='word_1_66' title='bbox 707 582 739 609; x_wconf 83' lang='lat' dir='ltr'>et</span> <span class='ocrx_word' id='word_1_67' title='bbox 770 580 929 620; x_wconf 75' lang='lat' dir='ltr'>praecipne</span> <span class='ocrx_word' id='word_1_68' title='bbox 962 582 1092 621; x_wconf 85' lang='lat' dir='ltr'>pulchra</span> <span class='ocrx_word' id='word_1_69' title='bbox 1123 583 1282 614; x_wconf 87' lang='lat' dir='ltr'>invenitur</span> <span class='ocrx_word' id='word_1_70' title='bbox 1317 585 1347 615; x_wconf 93' lang='lat' dir='ltr'>in</span> <span class='ocrx_word' id='word_1_71' title='bbox 1385 586 1513 617; x_wconf 66' lang='lat' dir='ltr'>”Sotira</span> <span class='ocrx_word' id='word_1_72' title='bbox 1540 588 1723 628; x_wconf 84' lang='lat' dir='ltr'>Alvaren’⁷,</span> 
     </span>
     <span class='ocr_line' id='line_1_8' title="bbox 102 628 1726 678; baseline 0.005 -18"><span class='ocrx_word' id='word_1_73' title='bbox 102 630 198 660; x_wconf 73' lang='lat' dir='ltr'>multo</span> <span class='ocrx_word' id='word_1_74' title='bbox 223 630 350 670; x_wconf 82' lang='lat' dir='ltr'>parcius</span> <span class='ocrx_word' id='word_1_75' title='bbox 375 628 542 660; x_wconf 78' lang='lat' dir='ltr'>fructificat</span> <span class='ocrx_word' id='word_1_76' title='bbox 563 639 656 668; x_wconf 79' lang='lat' dir='ltr'>quan]</span> <span class='ocrx_word' id='word_1_77' title='bbox 679 630 779 660; x_wconf 84' lang='lat' dir='ltr'>forma</span> <span class='ocrx_word' id='word_1_78' title='bbox 796 631 948 669; x_wconf 73' lang='lat' dir='ltr'>vulgaris.</span> <span class='ocrx_word' id='word_1_79' title='bbox 994 632 1082 663; x_wconf 85' lang='lat' dir='ltr'>Intra.</span> <span class='ocrx_word' id='word_1_80' title='bbox 1099 633 1324 666; x_wconf 78' lang='lat' dir='ltr'>Seandinaviae</span> <span class='ocrx_word' id='word_1_81' title='bbox 1339 636 1419 667; x_wconf 85' lang='lat' dir='ltr'>fines</span> <span class='ocrx_word' id='word_1_82' title='bbox 1436 639 1581 676; x_wconf 64' lang='lat' dir='ltr'>somnam</span> <span class='ocrx_word' id='word_1_83' title='bbox 1597 640 1726 678; x_wconf 61' lang='lat' dir='ltr'>nim-am</span> 
     </span>
     <span class='ocr_line' id='line_1_9' title="bbox 101 679 1017 712; baseline 0.002 -2"><span class='ocrx_word' id='word_1_84' title='bbox 101 680 318 711; x_wconf 82' lang='lat' dir='ltr'>tantummodo</span> <span class='ocrx_word' id='word_1_85' title='bbox 343 679 512 710; x_wconf 79' lang='lat' dir='ltr'>observavi</span> <span class='ocrx_word' id='word_1_86' title='bbox 536 679 568 709; x_wconf 92' lang='lat' dir='ltr'>in</span> <span class='ocrx_word' id='word_1_87' title='bbox 596 679 769 711; x_wconf 79' lang='lat' dir='ltr'>Gotlandia</span> <span class='ocrx_word' id='word_1_88' title='bbox 793 684 823 710; x_wconf 86' lang='lat' dir='ltr'>et</span> <span class='ocrx_word' id='word_1_89' title='bbox 850 680 1017 712; x_wconf 84' lang='lat' dir='ltr'>Oelandia.</span> 
     </span>
    </p>
   </div>
   <div class='ocr_carea' id='block_1_3' title="bbox 101 747 1722 853">
    <p class='ocr_par' dir='ltr' id='par_1_4' title="bbox 101 747 1722 853">
     <span class='ocr_line' id='line_1_10' title="bbox 101 747 1722 797; baseline 0.004 -12"><span class='ocrx_word' id='word_1_90' title='bbox 101 751 158 785; x_wconf 74' lang='lat'><strong>54.</strong></span> <span class='ocrx_word' id='word_1_91' title='bbox 218 748 398 783; x_wconf 70' lang='lat' dir='ltr'>Grimmz&#39;a</span> <span class='ocrx_word' id='word_1_92' title='bbox 419 749 607 794; x_wconf 71' lang='lat' dir='ltr'>pulvinata</span> <span class='ocrx_word' id='word_1_93' title='bbox 628 747 699 794; x_wconf 84' lang='lat' dir='ltr'><strong>(L.)</strong></span> <span class='ocrx_word' id='word_1_94' title='bbox 721 770 769 774; x_wconf 85' lang='lat'>—-</span> <span class='ocrx_word' id='word_1_95' title='bbox 790 748 945 795; x_wconf 73' lang='lat' dir='ltr'><strong>Schimp.</strong></span> <span class='ocrx_word' id='word_1_96' title='bbox 976 750 1061 797; x_wconf 79' lang='lat' dir='ltr'><strong>Syn.</strong></span> <span class='ocrx_word' id='word_1_97' title='bbox 1081 762 1114 796; x_wconf 92' lang='grc' dir='ltr'>Ρ.</span> <span class='ocrx_word' id='word_1_98' title='bbox 1137 753 1220 797; x_wconf 80' lang='grc'><strong>206.</strong></span> <span class='ocrx_word' id='word_1_99' title='bbox 1240 775 1290 779; x_wconf 73' lang='lat'><strong>—</strong></span> <span class='ocrx_word' id='word_1_100' title='bbox 1310 754 1367 789; x_wconf 69' lang='grc' dir='ltr'>ΒΓ.</span> <span class='ocrx_word' id='word_1_101' title='bbox 1388 767 1459 790; x_wconf 83' lang='lat' dir='ltr'><strong>cur.</strong></span> <span class='ocrx_word' id='word_1_102' title='bbox 1480 756 1550 790; x_wconf 81' lang='lat' dir='ltr'><strong>tab.</strong></span> <span class='ocrx_word' id='word_1_103' title='bbox 1572 758 1654 791; x_wconf 79' lang='lat'><strong>239.</strong></span> <span class='ocrx_word' id='word_1_104' title='bbox 1678 778 1722 782; x_wconf 92' lang='lat'><strong>—</strong></span> 
     </span>
     <span class='ocr_line' id='line_1_11' title="bbox 267 805 791 853; baseline -0.002 -11"><span class='ocrx_word' id='word_1_105' title='bbox 267 806 405 842; x_wconf 84' lang='lat' dir='ltr'>Hartm.</span> <span class='ocrx_word' id='word_1_106' title='bbox 434 806 488 840; x_wconf 84' lang='lat' dir='ltr'>Fl.</span> <span class='ocrx_word' id='word_1_107' title='bbox 519 805 573 840; x_wconf 85' lang='lat' dir='ltr'>cd.</span> <span class='ocrx_word' id='word_1_108' title='bbox 604 808 642 851; x_wconf 99' lang='lat'><strong>9,</strong></span> <span class='ocrx_word' id='word_1_109' title='bbox 670 818 703 853; x_wconf 87' lang='lat' dir='ltr'>p.</span> <span class='ocrx_word' id='word_1_110' title='bbox 733 809 791 842; x_wconf 88' lang='lat'>55.</span> 
     </span>
    </p>
   </div>
   <div class='ocr_carea' id='block_1_4' title="bbox 99 872 1722 955">
    <p class='ocr_par' dir='ltr' id='par_1_5' title="bbox 99 872 1722 955">
     <span class='ocr_line' id='line_1_12' title="bbox 250 872 1722 922; baseline 0.007 -19"><span class='ocrx_word' id='word_1_111' title='bbox 250 872 302 904; x_wconf 82' lang='lat' dir='ltr'>Ad</span> <span class='ocrx_word' id='word_1_112' title='bbox 331 877 439 913; x_wconf 82' lang='lat' dir='ltr'>petras</span> <span class='ocrx_word' id='word_1_113' title='bbox 469 873 634 904; x_wconf 76' lang='lat' dir='ltr'>calcareas</span> <span class='ocrx_word' id='word_1_114' title='bbox 665 876 696 903; x_wconf 84' lang='lat' dir='ltr'>et</span> <span class='ocrx_word' id='word_1_115' title='bbox 725 883 830 903; x_wconf 83' lang='lat' dir='ltr'>muros</span> <span class='ocrx_word' id='word_1_116' title='bbox 861 873 1004 913; x_wconf 77' lang='lat' dir='ltr'>vulgaris</span> <span class='ocrx_word' id='word_1_117' title='bbox 1034 884 1091 914; x_wconf 88' lang='lat' dir='ltr'>per</span> <span class='ocrx_word' id='word_1_118' title='bbox 1115 878 1212 906; x_wconf 81' lang='lat' dir='ltr'>totam</span> <span class='ocrx_word' id='word_1_119' title='bbox 1237 876 1428 909; x_wconf 81' lang='lat' dir='ltr'>Oelandiam</span> <span class='ocrx_word' id='word_1_120' title='bbox 1452 880 1491 910; x_wconf 81' lang='lat' dir='ltr'>ab</span> <span class='ocrx_word' id='word_1_121' title='bbox 1518 881 1657 922; x_wconf 82' lang='lat' dir='ltr'>Ottenby</span> <span class='ocrx_word' id='word_1_122' title='bbox 1681 882 1722 913; x_wconf 86' lang='lat' dir='ltr'>ad</span> 
     </span>
     <span class='ocr_line' id='line_1_13' title="bbox 99 924 616 955; baseline -0.002 0"><span class='ocrx_word' id='word_1_123' title='bbox 99 924 191 955; x_wconf 70' lang='lat' dir='ltr'>Boda</span> <span class='ocrx_word' id='word_1_124' title='bbox 215 943 253 946; x_wconf 97' lang='lat'><strong>—</strong></span> <span class='ocrx_word' id='word_1_125' title='bbox 280 934 305 954; x_wconf 88' lang='lat' dir='ltr'><strong>c.</strong></span> <span class='ocrx_word' id='word_1_126' title='bbox 331 924 366 954; x_wconf 85' lang='lat' dir='ltr'>fr.</span> <span class='ocrx_word' id='word_1_127' title='bbox 390 941 432 945; x_wconf 85' lang='grc'>-</span> <span class='ocrx_word' id='word_1_128' title='bbox 455 924 492 954; x_wconf 90' lang='lat' dir='ltr'>A.</span> <span class='ocrx_word' id='word_1_129' title='bbox 517 924 557 954; x_wconf 97' lang='lat' dir='ltr'>M.</span> <span class='ocrx_word' id='word_1_130' title='bbox 581 924 616 954; x_wconf 91' lang='lat' dir='ltr'>B.</span> 
     </span>
    </p>
   </div>
   <div class='ocr_carea' id='block_1_5' title="bbox 99 991 1723 1104">
    <p class='ocr_par' dir='ltr' id='par_1_6' title="bbox 99 991 1723 1104">
     <span class='ocr_line' id='line_1_14' title="bbox 99 991 1723 1040; baseline 0.006 -13"><span class='ocrx_word' id='word_1_131' title='bbox 99 995 158 1027; x_wconf 83' lang='lat'>55.</span> <span class='ocrx_word' id='word_1_132' title='bbox 217 992 397 1027; x_wconf 68' lang='lat' dir='ltr'>Grimmia</span> <span class='ocrx_word' id='word_1_133' title='bbox 430 992 598 1027; x_wconf 63' lang='lat' dir='ltr'>Schultziz&#39;</span> <span class='ocrx_word' id='word_1_134' title='bbox 636 992 762 1039; x_wconf 84' lang='lat' dir='ltr'>(Brid.)</span> <span class='ocrx_word' id='word_1_135' title='bbox 805 991 960 1038; x_wconf 76' lang='lat' dir='ltr'><strong>Sohimp.</strong></span> <span class='ocrx_word' id='word_1_136' title='bbox 994 992 1077 1039; x_wconf 83' lang='lat' dir='ltr'><strong>Syn.</strong></span> <span class='ocrx_word' id='word_1_137' title='bbox 1110 1006 1144 1040; x_wconf 88' lang='grc' dir='ltr'>Ρ.</span> <span class='ocrx_word' id='word_1_138' title='bbox 1182 996 1264 1030; x_wconf 81' lang='grc'><strong>208.</strong></span> <span class='ocrx_word' id='word_1_139' title='bbox 1300 1018 1348 1021; x_wconf 84' lang='lat'>—</span> <span class='ocrx_word' id='word_1_140' title='bbox 1384 997 1560 1034; x_wconf 79' lang='lat' dir='ltr'>Grimmia</span> <span class='ocrx_word' id='word_1_141' title='bbox 1592 1001 1723 1037; x_wconf 79' lang='lat' dir='ltr'>funalis</span> 
     </span>
     <span class='ocr_line' id='line_1_15' title="bbox 262 1050 1722 1104; baseline 0.006 -19"><span class='ocrx_word' id='word_1_142' title='bbox 262 1050 321 1085; x_wconf 62' lang='grc' dir='ltr'>ΒΓ.</span> <span class='ocrx_word' id='word_1_143' title='bbox 356 1062 427 1085; x_wconf 88' lang='lat' dir='ltr'>eur.</span> <span class='ocrx_word' id='word_1_144' title='bbox 462 1051 531 1086; x_wconf 83' lang='lat' dir='ltr'><strong>tab.</strong></span> <span class='ocrx_word' id='word_1_145' title='bbox 568 1052 651 1085; x_wconf 71' lang='lat'><strong>247.</strong></span> <span class='ocrx_word' id='word_1_146' title='bbox 679 1073 729 1077; x_wconf 82' lang='lat'>—-</span> <span class='ocrx_word' id='word_1_147' title='bbox 758 1050 935 1086; x_wconf 77' lang='lat' dir='ltr'>Grimmia</span> <span class='ocrx_word' id='word_1_148' title='bbox 966 1050 1151 1097; x_wconf 76' lang='lat' dir='ltr'>decipiens</span> <span class='ocrx_word' id='word_1_149' title='bbox 1185 1052 1324 1088; x_wconf 86' lang='lat' dir='ltr'><strong>Hartm.</strong></span> <span class='ocrx_word' id='word_1_150' title='bbox 1362 1054 1416 1089; x_wconf 79' lang='lat' dir='ltr'><strong>Fl.</strong></span> <span class='ocrx_word' id='word_1_151' title='bbox 1451 1056 1505 1091; x_wconf 86' lang='lat' dir='ltr'><strong>ed.</strong></span> <span class='ocrx_word' id='word_1_152' title='bbox 1536 1059 1572 1102; x_wconf 90' lang='lat'><strong>9,</strong></span> <span class='ocrx_word' id='word_1_153' title='bbox 1600 1070 1634 1104; x_wconf 87' lang='lat' dir='ltr'>p.</span> <span class='ocrx_word' id='word_1_154' title='bbox 1664 1061 1722 1094; x_wconf 79' lang='grc'>56.</span> 
     </span>
    </p>
   </div>
   <div class='ocr_carea' id='block_1_6' title="bbox 101 1116 1723 1208">
    <p class='ocr_par' dir='ltr' id='par_1_7' title="bbox 101 1116 1723 1208">
     <span class='ocr_line' id='line_1_16' title="bbox 249 1116 1723 1164; baseline 0.006 -17"><span class='ocrx_word' id='word_1_155' title='bbox 249 1116 301 1147; x_wconf 79' lang='lat' dir='ltr'>Ad</span> <span class='ocrx_word' id='word_1_156' title='bbox 326 1127 406 1148; x_wconf 82' lang='lat' dir='ltr'>saxa</span> <span class='ocrx_word' id='word_1_157' title='bbox 430 1117 630 1157; x_wconf 83' lang='lat' dir='ltr'>granitoidea</span> <span class='ocrx_word' id='word_1_158' title='bbox 654 1127 712 1158; x_wconf 86' lang='lat' dir='ltr'>per</span> <span class='ocrx_word' id='word_1_159' title='bbox 736 1127 865 1158; x_wconf 83' lang='lat' dir='ltr'>campos</span> <span class='ocrx_word' id='word_1_160' title='bbox 891 1117 1041 1158; x_wconf 78' lang='lat' dir='ltr'>dispersa</span> <span class='ocrx_word' id='word_1_161' title='bbox 1065 1122 1116 1149; x_wconf 81' lang='lat' dir='ltr'>sat</span> <span class='ocrx_word' id='word_1_162' title='bbox 1139 1128 1224 1159; x_wconf 86' lang='lat' dir='ltr'>raro,</span> <span class='ocrx_word' id='word_1_163' title='bbox 1250 1129 1277 1150; x_wconf 95' lang='lat' dir='ltr'>v.</span> <span class='ocrx_word' id='word_1_164' title='bbox 1303 1130 1329 1150; x_wconf 88' lang='lat' dir='ltr'>c.</span> <span class='ocrx_word' id='word_1_165' title='bbox 1354 1121 1472 1153; x_wconf 77' lang='lat' dir='ltr'>Resino</span> <span class='ocrx_word' id='word_1_166' title='bbox 1490 1123 1595 1164; x_wconf 82' lang='lat' dir='ltr'>alvar,</span> <span class='ocrx_word' id='word_1_167' title='bbox 1616 1124 1723 1155; x_wconf 78' lang='lat' dir='ltr'>Gl&#39;om-</span> 
     </span>
     <span class='ocr_line' id='line_1_17' title="bbox 101 1168 578 1208; baseline -0.002 -9"><span class='ocrx_word' id='word_1_168' title='bbox 101 1169 208 1208; x_wconf 85' lang='lat' dir='ltr'>minge</span> <span class='ocrx_word' id='word_1_169' title='bbox 230 1186 273 1189; x_wconf 97' lang='lat'><strong>—</strong></span> <span class='ocrx_word' id='word_1_170' title='bbox 299 1178 324 1198; x_wconf 85' lang='lat' dir='ltr'>c.</span> <span class='ocrx_word' id='word_1_171' title='bbox 350 1168 386 1199; x_wconf 83' lang='lat' dir='ltr'>fr.</span> <span class='ocrx_word' id='word_1_172' title='bbox 409 1186 452 1191; x_wconf 84' lang='lat'>——-</span> <span class='ocrx_word' id='word_1_173' title='bbox 474 1169 511 1199; x_wconf 92' lang='lat' dir='ltr'>A.</span> <span class='ocrx_word' id='word_1_174' title='bbox 537 1168 578 1198; x_wconf 88' lang='lat' dir='ltr'>M.</span> 
     </span>
    </p>
   </div>
   <div class='ocr_carea' id='block_1_7' title="bbox 98 1235 1722 1340">
    <p class='ocr_par' dir='ltr' id='par_1_8' title="bbox 98 1235 1722 1340">
     <span class='ocr_line' id='line_1_18' title="bbox 98 1235 1722 1284; baseline 0.002 -10"><span class='ocrx_word' id='word_1_175' title='bbox 98 1240 156 1273; x_wconf 77' lang='grc'>56.</span> <span class='ocrx_word' id='word_1_176' title='bbox 216 1237 395 1273; x_wconf 65' lang='lat' dir='ltr'>Grinvmz‘a</span> <span class='ocrx_word' id='word_1_177' title='bbox 423 1237 651 1283; x_wconf 63' lang='lat' dir='ltr'>triclzoplzylla</span> <span class='ocrx_word' id='word_1_178' title='bbox 679 1235 788 1272; x_wconf 78' lang='lat' dir='ltr'>Grev.</span> <span class='ocrx_word' id='word_1_179' title='bbox 820 1258 864 1262; x_wconf 94' lang='lat'><strong>—</strong></span> <span class='ocrx_word' id='word_1_180' title='bbox 894 1236 1050 1283; x_wconf 79' lang='lat' dir='ltr'>Schinlp.</span> <span class='ocrx_word' id='word_1_181' title='bbox 1086 1236 1171 1284; x_wconf 76' lang='lat' dir='ltr'><strong>Syn.</strong></span> <span class='ocrx_word' id='word_1_182' title='bbox 1204 1249 1238 1284; x_wconf 87' lang='lat' dir='ltr'>p.</span> <span class='ocrx_word' id='word_1_183' title='bbox 1273 1240 1356 1273; x_wconf 78' lang='lat'><strong>213.</strong></span> <span class='ocrx_word' id='word_1_184' title='bbox 1388 1261 1431 1265; x_wconf 91' lang='lat'><strong>—</strong></span> <span class='ocrx_word' id='word_1_185' title='bbox 1464 1240 1521 1275; x_wconf 79' lang='lat' dir='ltr'><strong>Er.</strong></span> <span class='ocrx_word' id='word_1_186' title='bbox 1550 1252 1621 1276; x_wconf 85' lang='lat' dir='ltr'><strong>cur.</strong></span> <span class='ocrx_word' id='word_1_187' title='bbox 1651 1243 1722 1278; x_wconf 77' lang='lat' dir='ltr'><strong>tal).</strong></span> 
     </span>
     <span class='ocr_line' id='line_1_19' title="bbox 265 1294 972 1340; baseline -0.001 -10"><span class='ocrx_word' id='word_1_188' title='bbox 265 1298 347 1331; x_wconf 69' lang='lat'><strong>244.</strong></span> <span class='ocrx_word' id='word_1_189' title='bbox 374 1317 425 1321; x_wconf 92' lang='lat'>—</span> <span class='ocrx_word' id='word_1_190' title='bbox 450 1295 589 1330; x_wconf 81' lang='lat' dir='ltr'>Hartm.</span> <span class='ocrx_word' id='word_1_191' title='bbox 617 1295 671 1329; x_wconf 88' lang='lat' dir='ltr'>Fl.</span> <span class='ocrx_word' id='word_1_192' title='bbox 704 1294 757 1330; x_wconf 86' lang='lat' dir='ltr'>ed.</span> <span class='ocrx_word' id='word_1_193' title='bbox 787 1297 824 1340; x_wconf 91' lang='lat'><strong>9,</strong></span> <span class='ocrx_word' id='word_1_194' title='bbox 852 1307 885 1340; x_wconf 90' lang='lat' dir='ltr'>p.</span> <span class='ocrx_word' id='word_1_195' title='bbox 915 1297 972 1330; x_wconf 85' lang='lat'>55.</span> 
     </span>
    </p>
   </div>
   <div class='ocr_carea' id='block_1_8' title="bbox 98 1361 1721 1456">
    <p class='ocr_par' dir='ltr' id='par_1_9' title="bbox 98 1361 1721 1456">
     <span class='ocr_line' id='line_1_20' title="bbox 247 1361 1720 1405; baseline 0.002 -10"><span class='ocrx_word' id='word_1_196' title='bbox 247 1363 296 1395; x_wconf 88' lang='lat' dir='ltr'>Ad</span> <span class='ocrx_word' id='word_1_197' title='bbox 322 1373 402 1394; x_wconf 75' lang='lat' dir='ltr'>saxa</span> <span class='ocrx_word' id='word_1_198' title='bbox 426 1361 627 1402; x_wconf 83' lang='lat' dir='ltr'>granitoidea</span> <span class='ocrx_word' id='word_1_199' title='bbox 651 1365 701 1393; x_wconf 79' lang='lat' dir='ltr'>sat</span> <span class='ocrx_word' id='word_1_200' title='bbox 724 1372 795 1392; x_wconf 88' lang='lat' dir='ltr'>raro</span> <span class='ocrx_word' id='word_1_201' title='bbox 819 1364 850 1392; x_wconf 80' lang='lat' dir='ltr'>et</span> <span class='ocrx_word' id='word_1_202' title='bbox 873 1365 994 1392; x_wconf 83' lang='lat' dir='ltr'>tantum</span> <span class='ocrx_word' id='word_1_203' title='bbox 1017 1362 1049 1392; x_wconf 86' lang='lat' dir='ltr'>in</span> <span class='ocrx_word' id='word_1_204' title='bbox 1065 1366 1156 1403; x_wconf 85' lang='lat' dir='ltr'>parte</span> <span class='ocrx_word' id='word_1_205' title='bbox 1174 1363 1295 1394; x_wconf 82' lang='lat' dir='ltr'>boreali</span> <span class='ocrx_word' id='word_1_206' title='bbox 1313 1367 1453 1405; x_wconf 79' lang='lat' dir='ltr'>reperta,</span> <span class='ocrx_word' id='word_1_207' title='bbox 1472 1374 1501 1395; x_wconf 87' lang='lat' dir='ltr'>v.</span> <span class='ocrx_word' id='word_1_208' title='bbox 1522 1375 1547 1396; x_wconf 78' lang='grc' dir='ltr'>ο.</span> <span class='ocrx_word' id='word_1_209' title='bbox 1565 1366 1597 1397; x_wconf 87' lang='lat' dir='ltr'>in</span> <span class='ocrx_word' id='word_1_210' title='bbox 1614 1366 1720 1398; x_wconf 88' lang='lat' dir='ltr'>Horns</span> 
     </span>
     <span class='ocr_line' id='line_1_21' title="bbox 98 1412 1721 1456; baseline 0.001 -9"><span class='ocrx_word' id='word_1_211' title='bbox 98 1416 201 1456; x_wconf 86' lang='lat' dir='ltr'>alvar,</span> <span class='ocrx_word' id='word_1_212' title='bbox 226 1415 267 1446; x_wconf 85' lang='lat' dir='ltr'>ad</span> <span class='ocrx_word' id='word_1_213' title='bbox 291 1414 381 1445; x_wconf 66' lang='lat' dir='ltr'>Back</span> <span class='ocrx_word' id='word_1_214' title='bbox 405 1414 555 1454; x_wconf 78' lang='lat' dir='ltr'>paroeeiae</span> <span class='ocrx_word' id='word_1_215' title='bbox 579 1413 697 1453; x_wconf 72' lang='lat' dir='ltr'>Hogby</span> <span class='ocrx_word' id='word_1_216' title='bbox 722 1416 753 1443; x_wconf 81' lang='lat' dir='ltr'>et</span> <span class='ocrx_word' id='word_1_217' title='bbox 774 1412 816 1442; x_wconf 83' lang='lat' dir='ltr'>ad</span> <span class='ocrx_word' id='word_1_218' title='bbox 839 1413 1177 1452; x_wconf 68' lang='lat' dir='ltr'>Jagmastarbostallet</span> <span class='ocrx_word' id='word_1_219' title='bbox 1199 1414 1349 1454; x_wconf 82' lang='lat' dir='ltr'>paroeciae</span> <span class='ocrx_word' id='word_1_220' title='bbox 1372 1415 1463 1446; x_wconf 77' lang='lat' dir='ltr'>B&#39;oda</span> <span class='ocrx_word' id='word_1_221' title='bbox 1478 1435 1521 1439; x_wconf 88' lang='lat'>—</span> <span class='ocrx_word' id='word_1_222' title='bbox 1538 1426 1562 1447; x_wconf 84' lang='lat' dir='ltr'>c.</span> <span class='ocrx_word' id='word_1_223' title='bbox 1581 1417 1616 1448; x_wconf 88' lang='lat' dir='ltr'>fr.</span> <span class='ocrx_word' id='word_1_224' title='bbox 1630 1418 1721 1449; x_wconf 87' lang='lat' dir='ltr'>—B.</span> 
     </span>
    </p>
   </div>
   <div class='ocr_carea' id='block_1_9' title="bbox 97 1480 1721 1532">
    <p class='ocr_par' dir='ltr' id='par_1_10' title="bbox 97 1480 1721 1532">
     <span class='ocr_line' id='line_1_22' title="bbox 97 1480 1721 1532; baseline 0.001 -12"><span class='ocrx_word' id='word_1_225' title='bbox 97 1486 155 1520; x_wconf 77' lang='lat'>57.</span> <span class='ocrx_word' id='word_1_226' title='bbox 214 1484 394 1518; x_wconf 73' lang='lat' dir='ltr'>Grimmia</span> <span class='ocrx_word' id='word_1_227' title='bbox 422 1482 653 1517; x_wconf 69' lang='lat' dir='ltr'>Harcmamzz·</span> <span class='ocrx_word' id='word_1_228' title='bbox 681 1481 836 1527; x_wconf 83' lang='lat' dir='ltr'>Schimp.</span> <span class='ocrx_word' id='word_1_229' title='bbox 866 1480 951 1528; x_wconf 82' lang='lat' dir='ltr'><strong>Syn.</strong></span> <span class='ocrx_word' id='word_1_230' title='bbox 979 1493 1012 1527; x_wconf 88' lang='grc' dir='ltr'>Ρ.</span> <span class='ocrx_word' id='word_1_231' title='bbox 1043 1484 1126 1518; x_wconf 80' lang='lat'><strong>214.</strong></span> <span class='ocrx_word' id='word_1_232' title='bbox 1147 1505 1195 1509; x_wconf 82' lang='lat'>——</span> <span class='ocrx_word' id='word_1_233' title='bbox 1213 1482 1352 1517; x_wconf 82' lang='lat' dir='ltr'><strong>Hartm.</strong></span> <span class='ocrx_word' id='word_1_234' title='bbox 1380 1483 1434 1518; x_wconf 84' lang='lat' dir='ltr'><strong>Fl.</strong></span> <span class='ocrx_word' id='word_1_235' title='bbox 1464 1484 1518 1519; x_wconf 83' lang='lat' dir='ltr'>ed.</span> <span class='ocrx_word' id='word_1_236' title='bbox 1542 1489 1579 1530; x_wconf 82' lang='lat'><strong>9,</strong></span> <span class='ocrx_word' id='word_1_237' title='bbox 1608 1498 1641 1532; x_wconf 89' lang='lat' dir='ltr'>p.</span> <span class='ocrx_word' id='word_1_238' title='bbox 1663 1488 1721 1522; x_wconf 80' lang='grc'>56.</span> 
     </span>
    </p>
   </div>
   <div class='ocr_carea' id='block_1_10' title="bbox 97 1548 1723 1896">
    <p class='ocr_par' dir='ltr' id='par_1_11' title="bbox 97 1548 1723 1734">
     <span class='ocr_line' id='line_1_23' title="bbox 246 1548 1722 1593; baseline 0.001 -11"><span class='ocrx_word' id='word_1_239' title='bbox 246 1550 298 1582; x_wconf 86' lang='lat' dir='ltr'>Ad</span> <span class='ocrx_word' id='word_1_240' title='bbox 333 1559 413 1580; x_wconf 77' lang='lat' dir='ltr'>saxa</span> <span class='ocrx_word' id='word_1_241' title='bbox 447 1553 478 1580; x_wconf 87' lang='lat' dir='ltr'>et</span> <span class='ocrx_word' id='word_1_242' title='bbox 507 1548 634 1589; x_wconf 80' lang='lat' dir='ltr'>lapides</span> <span class='ocrx_word' id='word_1_243' title='bbox 665 1548 882 1589; x_wconf 81' lang='lat' dir='ltr'>granitoidea,</span> <span class='ocrx_word' id='word_1_244' title='bbox 914 1549 1075 1589; x_wconf 65' lang='lat' dir='ltr'>przecipue</span> <span class='ocrx_word' id='word_1_245' title='bbox 1104 1549 1136 1580; x_wconf 86' lang='lat' dir='ltr'>in</span> <span class='ocrx_word' id='word_1_246' title='bbox 1166 1549 1348 1580; x_wconf 83' lang='lat' dir='ltr'>nemoribus</span> <span class='ocrx_word' id='word_1_247' title='bbox 1379 1554 1411 1581; x_wconf 77' lang='lat' dir='ltr'>et</span> <span class='ocrx_word' id='word_1_248' title='bbox 1444 1551 1607 1593; x_wconf 77' lang='lat' dir='ltr'>betuletis,</span> <span class='ocrx_word' id='word_1_249' title='bbox 1645 1563 1722 1584; x_wconf 89' lang='lat' dir='ltr'>non-</span> 
     </span>
     <span class='ocr_line' id='line_1_24' title="bbox 98 1599 1720 1644; baseline 0.001 -11"><span class='ocrx_word' id='word_1_250' title='bbox 98 1611 270 1641; x_wconf 78' lang='lat' dir='ltr'>numquam</span> <span class='ocrx_word' id='word_1_251' title='bbox 302 1610 378 1631; x_wconf 85' lang='lat' dir='ltr'>vero</span> <span class='ocrx_word' id='word_1_252' title='bbox 413 1601 444 1631; x_wconf 87' lang='lat' dir='ltr'>in</span> <span class='ocrx_word' id='word_1_253' title='bbox 481 1600 621 1641; x_wconf 82' lang='lat' dir='ltr'>campis,</span> <span class='ocrx_word' id='word_1_254' title='bbox 657 1599 762 1630; x_wconf 83' lang='lat' dir='ltr'>multis</span> <span class='ocrx_word' id='word_1_255' title='bbox 800 1600 879 1630; x_wconf 86' lang='lat' dir='ltr'>locis</span> <span class='ocrx_word' id='word_1_256' title='bbox 913 1610 942 1631; x_wconf 91' lang='lat' dir='ltr'>v.</span> <span class='ocrx_word' id='word_1_257' title='bbox 980 1610 1005 1630; x_wconf 86' lang='lat' dir='ltr'>c.</span> <span class='ocrx_word' id='word_1_258' title='bbox 1041 1600 1160 1631; x_wconf 80' lang='lat' dir='ltr'>Resmo</span> <span class='ocrx_word' id='word_1_259' title='bbox 1196 1601 1299 1640; x_wconf 83' lang='lat' dir='ltr'>alvar,</span> <span class='ocrx_word' id='word_1_260' title='bbox 1338 1601 1566 1642; x_wconf 68' lang='lat' dir='ltr'>Farjestaden,</span> <span class='ocrx_word' id='word_1_261' title='bbox 1602 1603 1720 1644; x_wconf 83' lang='lat' dir='ltr'>Tveta,</span> 
     </span>
     <span class='ocr_line' id='line_1_25' title="bbox 97 1650 1723 1694; baseline 0.001 -11"><span class='ocrx_word' id='word_1_262' title='bbox 97 1653 296 1692; x_wconf 82' lang='lat' dir='ltr'>Algutsrum,</span> <span class='ocrx_word' id='word_1_263' title='bbox 330 1651 422 1682; x_wconf 80' lang='lat' dir='ltr'>Stora</span> <span class='ocrx_word' id='word_1_264' title='bbox 454 1651 531 1691; x_wconf 67' lang='lat' dir='ltr'>Bor,</span> <span class='ocrx_word' id='word_1_265' title='bbox 564 1651 647 1682; x_wconf 84' lang='lat' dir='ltr'>infra</span> <span class='ocrx_word' id='word_1_266' title='bbox 678 1651 787 1691; x_wconf 71' lang='lat' dir='ltr'>Ralla,</span> <span class='ocrx_word' id='word_1_267' title='bbox 816 1650 991 1690; x_wconf 81' lang='lat' dir='ltr'>Borgholm</span> <span class='ocrx_word' id='word_1_268' title='bbox 1022 1650 1166 1691; x_wconf 86' lang='lat' dir='ltr'>pluribus</span> <span class='ocrx_word' id='word_1_269' title='bbox 1194 1651 1272 1682; x_wconf 79' lang='lat' dir='ltr'>locis</span> <span class='ocrx_word' id='word_1_270' title='bbox 1302 1652 1334 1682; x_wconf 88' lang='lat' dir='ltr'>in</span> <span class='ocrx_word' id='word_1_271' title='bbox 1358 1654 1531 1694; x_wconf 82' lang='lat' dir='ltr'>quercetis,</span> <span class='ocrx_word' id='word_1_272' title='bbox 1557 1653 1656 1685; x_wconf 63' lang='lat' dir='ltr'><strong>Bada.</strong></span> <span class='ocrx_word' id='word_1_273' title='bbox 1680 1673 1723 1677; x_wconf 90' lang='lat'><strong>—</strong></span> 
     </span>
     <span class='ocr_line' id='line_1_26' title="bbox 98 1703 261 1734; baseline -0.006 0"><span class='ocrx_word' id='word_1_274' title='bbox 98 1704 136 1734; x_wconf 92' lang='lat' dir='ltr'><strong>A.</strong></span> <span class='ocrx_word' id='word_1_275' title='bbox 160 1703 201 1734; x_wconf 88' lang='lat' dir='ltr'><strong>M.</strong></span> <span class='ocrx_word' id='word_1_276' title='bbox 226 1703 261 1733; x_wconf 87' lang='lat' dir='ltr'>B.</span> 
     </span>
    </p>

    <p class='ocr_par' dir='ltr' id='par_1_12' title="bbox 98 1752 1723 1896">
     <span class='ocr_line' id='line_1_27' title="bbox 249 1752 1722 1793; baseline 0.001 -9"><span class='ocrx_word' id='word_1_277' title='bbox 249 1753 327 1784; x_wconf 81' lang='lat' dir='ltr'>Haec</span> <span class='ocrx_word' id='word_1_278' title='bbox 351 1753 492 1793; x_wconf 83' lang='lat' dir='ltr'>species,</span> <span class='ocrx_word' id='word_1_279' title='bbox 519 1753 600 1783; x_wconf 85' lang='lat' dir='ltr'>sicut</span> <span class='ocrx_word' id='word_1_280' title='bbox 623 1753 784 1782; x_wconf 75' lang='lat' dir='ltr'>Grimmia</span> <span class='ocrx_word' id='word_1_281' title='bbox 807 1752 975 1792; x_wconf 49' lang='lat' dir='ltr'>Solemnis,</span> <span class='ocrx_word' id='word_1_282' title='bbox 1001 1753 1042 1783; x_wconf 76' lang='lat' dir='ltr'>G.</span> <span class='ocrx_word' id='word_1_283' title='bbox 1067 1753 1280 1792; x_wconf 73' lang='lat' dir='ltr'>triehoplzylla</span> <span class='ocrx_word' id='word_1_284' title='bbox 1307 1755 1338 1783; x_wconf 78' lang='lat' dir='ltr'>et</span> <span class='ocrx_word' id='word_1_285' title='bbox 1360 1758 1565 1793; x_wconf 65' lang='lat' dir='ltr'>conmutata,</span> <span class='ocrx_word' id='word_1_286' title='bbox 1592 1764 1608 1785; x_wconf 90' lang='lat' dir='ltr'>e</span> <span class='ocrx_word' id='word_1_287' title='bbox 1634 1755 1722 1786; x_wconf 80' lang='lat' dir='ltr'>saxis</span> 
     </span>
     <span class='ocr_line' id='line_1_28' title="bbox 98 1802 1723 1844; baseline 0 -8"><span class='ocrx_word' id='word_1_288' title='bbox 98 1805 255 1836; x_wconf 83' lang='lat' dir='ltr'>caleareis</span> <span class='ocrx_word' id='word_1_289' title='bbox 281 1804 407 1834; x_wconf 88' lang='lat' dir='ltr'>omnino</span> <span class='ocrx_word' id='word_1_290' title='bbox 433 1804 564 1834; x_wconf 76' lang='lat' dir='ltr'>exclusa</span> <span class='ocrx_word' id='word_1_291' title='bbox 589 1806 651 1842; x_wconf 80' lang='lat' dir='ltr'>est,</span> <span class='ocrx_word' id='word_1_292' title='bbox 677 1802 735 1833; x_wconf 79' lang='lat' dir='ltr'>sed</span> <span class='ocrx_word' id='word_1_293' title='bbox 763 1803 804 1833; x_wconf 83' lang='lat' dir='ltr'>ad</span> <span class='ocrx_word' id='word_1_294' title='bbox 829 1812 909 1833; x_wconf 73' lang='lat' dir='ltr'>saxa</span> <span class='ocrx_word' id='word_1_295' title='bbox 932 1803 950 1833; x_wconf 92' lang='grc'>1.</span> <span class='ocrx_word' id='word_1_296' title='bbox 974 1802 1098 1843; x_wconf 82' lang='lat' dir='ltr'>lapides</span> <span class='ocrx_word' id='word_1_297' title='bbox 1123 1803 1260 1834; x_wconf 82' lang='lat' dir='ltr'>erratica</span> <span class='ocrx_word' id='word_1_298' title='bbox 1284 1803 1434 1843; x_wconf 77' lang='lat' dir='ltr'>occurrit,</span> <span class='ocrx_word' id='word_1_299' title='bbox 1454 1814 1524 1844; x_wconf 84' lang='lat' dir='ltr'>quae</span> <span class='ocrx_word' id='word_1_300' title='bbox 1540 1804 1723 1844; x_wconf 81' lang='lat' dir='ltr'>frequenter</span> 
     </span>
     <span class='ocr_line' id='line_1_29' title="bbox 98 1853 1489 1896; baseline -0.001 -10"><span class='ocrx_word' id='word_1_301' title='bbox 98 1855 246 1896; x_wconf 81' lang='lat' dir='ltr'>dispersa</span> <span class='ocrx_word' id='word_1_302' title='bbox 270 1859 343 1885; x_wconf 81' lang='lat' dir='ltr'>sunt</span> <span class='ocrx_word' id='word_1_303' title='bbox 363 1864 421 1895; x_wconf 84' lang='lat' dir='ltr'>per</span> <span class='ocrx_word' id='word_1_304' title='bbox 444 1854 633 1885; x_wconf 77' lang='lat' dir='ltr'>Oelandiam</span> <span class='ocrx_word' id='word_1_305' title='bbox 658 1864 677 1884; x_wconf 82' lang='lat' dir='ltr'>a</span> <span class='ocrx_word' id='word_1_306' title='bbox 701 1857 791 1894; x_wconf 78' lang='lat' dir='ltr'>parte</span> <span class='ocrx_word' id='word_1_307' title='bbox 814 1853 1015 1884; x_wconf 82' lang='lat' dir='ltr'>meridionali</span> <span class='ocrx_word' id='word_1_308' title='bbox 1038 1863 1140 1894; x_wconf 84' lang='lat' dir='ltr'>usque</span> <span class='ocrx_word' id='word_1_309' title='bbox 1164 1854 1206 1884; x_wconf 87' lang='lat' dir='ltr'>ad</span> <span class='ocrx_word' id='word_1_310' title='bbox 1231 1855 1489 1895; x_wconf 82' lang='lat' dir='ltr'>septentrionem.</span> 
     </span>
    </p>
   </div>
   <div class='ocr_carea' id='block_1_11' title="bbox 98 1923 1721 2028">
    <p class='ocr_par' dir='ltr' id='par_1_13' title="bbox 98 1923 1721 2028">
     <span class='ocr_line' id='line_1_30' title="bbox 98 1923 1721 1970; baseline 0.001 -10"><span class='ocrx_word' id='word_1_311' title='bbox 98 1926 156 1960; x_wconf 84' lang='lat'>58.</span> <span class='ocrx_word' id='word_1_312' title='bbox 217 1923 396 1958; x_wconf 70' lang='lat' dir='ltr'>Grimmia</span> <span class='ocrx_word' id='word_1_313' title='bbox 430 1929 641 1957; x_wconf 73' lang='lat' dir='ltr'>commutata</span> <span class='ocrx_word' id='word_1_314' title='bbox 677 1923 803 1970; x_wconf 86' lang='lat' dir='ltr'>(Brid.)</span> <span class='ocrx_word' id='word_1_315' title='bbox 828 1945 879 1949; x_wconf 91' lang='lat'>-—</span> <span class='ocrx_word' id='word_1_316' title='bbox 906 1923 1062 1970; x_wconf 79' lang='lat' dir='ltr'>Schimp.</span> <span class='ocrx_word' id='word_1_317' title='bbox 1097 1923 1180 1970; x_wconf 81' lang='lat' dir='ltr'><strong>Syn.</strong></span> <span class='ocrx_word' id='word_1_318' title='bbox 1209 1935 1242 1970; x_wconf 84' lang='lat' dir='ltr'>p.</span> <span class='ocrx_word' id='word_1_319' title='bbox 1272 1925 1355 1958; x_wconf 81' lang='lat'><strong>219.</strong></span> <span class='ocrx_word' id='word_1_320' title='bbox 1386 1947 1436 1950; x_wconf 90' lang='lat'>—</span> <span class='ocrx_word' id='word_1_321' title='bbox 1462 1923 1521 1958; x_wconf 74' lang='grc' dir='ltr'>ΒΓ.</span> <span class='ocrx_word' id='word_1_322' title='bbox 1550 1936 1621 1960; x_wconf 88' lang='lat' dir='ltr'>eur.</span> <span class='ocrx_word' id='word_1_323' title='bbox 1650 1927 1721 1961; x_wconf 82' lang='lat' dir='ltr'><strong>tab.</strong></span> 
     </span>
     <span class='ocr_line' id='line_1_31' title="bbox 264 1980 979 2028; baseline 0 -12"><span class='ocrx_word' id='word_1_324' title='bbox 264 1983 347 2016; x_wconf 79' lang='grc'><strong>256.</strong></span> <span class='ocrx_word' id='word_1_325' title='bbox 376 2003 425 2006; x_wconf 91' lang='grc'>--</span> <span class='ocrx_word' id='word_1_326' title='bbox 455 1980 594 2018; x_wconf 83' lang='lat' dir='ltr'>Hartm.</span> <span class='ocrx_word' id='word_1_327' title='bbox 622 1981 676 2016; x_wconf 80' lang='lat' dir='ltr'><strong>Fl.</strong></span> <span class='ocrx_word' id='word_1_328' title='bbox 708 1982 762 2016; x_wconf 87' lang='lat' dir='ltr'>ed.</span> <span class='ocrx_word' id='word_1_329' title='bbox 792 1984 830 2026; x_wconf 88' lang='lat'><strong>9,</strong></span> <span class='ocrx_word' id='word_1_330' title='bbox 859 1994 891 2028; x_wconf 89' lang='lat' dir='ltr'>p.</span> <span class='ocrx_word' id='word_1_331' title='bbox 922 1985 979 2018; x_wconf 76' lang='lat'>57.</span> 
     </span>
    </p>
   </div>
   <div class='ocr_carea' id='block_1_12' title="bbox 98 2047 1722 2292">
    <p class='ocr_par' dir='ltr' id='par_1_14' title="bbox 98 2047 1722 2190">
     <span class='ocr_line' id='line_1_32' title="bbox 247 2047 1722 2090; baseline 0.002 -12"><span class='ocrx_word' id='word_1_332' title='bbox 247 2047 298 2079; x_wconf 85' lang='lat' dir='ltr'>Ad</span> <span class='ocrx_word' id='word_1_333' title='bbox 326 2058 406 2078; x_wconf 77' lang='lat' dir='ltr'>saxa</span> <span class='ocrx_word' id='word_1_334' title='bbox 436 2048 638 2088; x_wconf 79' lang='lat' dir='ltr'>granitoidea</span> <span class='ocrx_word' id='word_1_335' title='bbox 668 2058 851 2089; x_wconf 81' lang='lat' dir='ltr'>camporum</span> <span class='ocrx_word' id='word_1_336' title='bbox 876 2049 1092 2080; x_wconf 81' lang='lat' dir='ltr'>alvarensium</span> <span class='ocrx_word' id='word_1_337' title='bbox 1122 2048 1264 2089; x_wconf 81' lang='lat' dir='ltr'>pluribus</span> <span class='ocrx_word' id='word_1_338' title='bbox 1288 2049 1383 2089; x_wconf 82' lang='lat' dir='ltr'>locis,</span> <span class='ocrx_word' id='word_1_339' title='bbox 1407 2049 1592 2090; x_wconf 81' lang='lat' dir='ltr'>plerumque</span> <span class='ocrx_word' id='word_1_340' title='bbox 1616 2054 1722 2081; x_wconf 85' lang='lat' dir='ltr'>tamen</span> 
     </span>
     <span class='ocr_line' id='line_1_33' title="bbox 98 2099 1721 2140; baseline 0.001 -11"><span class='ocrx_word' id='word_1_341' title='bbox 98 2109 211 2140; x_wconf 86' lang='lat' dir='ltr'>parce,</span> <span class='ocrx_word' id='word_1_342' title='bbox 236 2110 265 2130; x_wconf 87' lang='lat' dir='ltr'>v.</span> <span class='ocrx_word' id='word_1_343' title='bbox 291 2108 316 2129; x_wconf 80' lang='lat' dir='ltr'>c.</span> <span class='ocrx_word' id='word_1_344' title='bbox 339 2099 522 2139; x_wconf 69' lang='lat' dir='ltr'>Morbylilla</span> <span class='ocrx_word' id='word_1_345' title='bbox 545 2099 652 2138; x_wconf 82' lang='lat' dir='ltr'>alvar,</span> <span class='ocrx_word' id='word_1_346' title='bbox 676 2100 794 2130; x_wconf 85' lang='lat' dir='ltr'>Resmo</span> <span class='ocrx_word' id='word_1_347' title='bbox 819 2100 922 2139; x_wconf 85' lang='lat' dir='ltr'>alvar,</span> <span class='ocrx_word' id='word_1_348' title='bbox 947 2099 1128 2139; x_wconf 85' lang='lat' dir='ltr'>Borgholm.</span> <span class='ocrx_word' id='word_1_349' title='bbox 1174 2099 1212 2129; x_wconf 86' lang='lat' dir='ltr'>In</span> <span class='ocrx_word' id='word_1_350' title='bbox 1235 2109 1346 2140; x_wconf 85' lang='lat' dir='ltr'>campo</span> <span class='ocrx_word' id='word_1_351' title='bbox 1373 2099 1457 2130; x_wconf 83' lang='lat' dir='ltr'>dicto</span> <span class='ocrx_word' id='word_1_352' title='bbox 1483 2100 1608 2131; x_wconf 73' lang='lat' dir='ltr'>”Norra</span> <span class='ocrx_word' id='word_1_353' title='bbox 1624 2101 1721 2132; x_wconf 86' lang='lat' dir='ltr'>Alva-</span> 
     </span>
     <span class='ocr_line' id='line_1_34' title="bbox 100 2149 1521 2190; baseline 0 -10"><span class='ocrx_word' id='word_1_354' title='bbox 100 2151 179 2180; x_wconf 87' lang='lat' dir='ltr'>ren&#39;&#39;</span> <span class='ocrx_word' id='word_1_355' title='bbox 204 2149 418 2180; x_wconf 84' lang='lat' dir='ltr'>verisimiliter</span> <span class='ocrx_word' id='word_1_356' title='bbox 441 2149 590 2187; x_wconf 77' lang='lat' dir='ltr'>occurrit,</span> <span class='ocrx_word' id='word_1_357' title='bbox 615 2159 805 2190; x_wconf 81' lang='lat' dir='ltr'>quamquam</span> <span class='ocrx_word' id='word_1_358' title='bbox 832 2151 874 2181; x_wconf 83' lang='lat' dir='ltr'>ibi</span> <span class='ocrx_word' id='word_1_359' title='bbox 898 2160 959 2181; x_wconf 90' lang='lat' dir='ltr'>non</span> <span class='ocrx_word' id='word_1_360' title='bbox 984 2151 1154 2182; x_wconf 81' lang='lat' dir='ltr'>observata</span> <span class='ocrx_word' id='word_1_361' title='bbox 1177 2168 1219 2172; x_wconf 79' lang='lat'>—</span> <span class='ocrx_word' id='word_1_362' title='bbox 1244 2159 1268 2180; x_wconf 83' lang='lat' dir='ltr'><strong>o.</strong></span> <span class='ocrx_word' id='word_1_363' title='bbox 1294 2150 1330 2180; x_wconf 84' lang='lat' dir='ltr'>fr.</span> <span class='ocrx_word' id='word_1_364' title='bbox 1357 2169 1395 2173; x_wconf 89' lang='lat'>——</span> <span class='ocrx_word' id='word_1_365' title='bbox 1419 2150 1456 2180; x_wconf 93' lang='lat' dir='ltr'>A.</span> <span class='ocrx_word' id='word_1_366' title='bbox 1481 2150 1521 2181; x_wconf 86' lang='lat' dir='ltr'>M.</span> 
     </span>
    </p>

    <p class='ocr_par' dir='ltr' id='par_1_15' title="bbox 98 2200 1721 2292">
     <span class='ocr_line' id='line_1_35' title="bbox 248 2200 1721 2241; baseline 0.001 -11"><span class='ocrx_word' id='word_1_367' title='bbox 248 2200 325 2231; x_wconf 83' lang='lat' dir='ltr'>Haec</span> <span class='ocrx_word' id='word_1_368' title='bbox 350 2200 474 2240; x_wconf 81' lang='lat' dir='ltr'>species</span> <span class='ocrx_word' id='word_1_369' title='bbox 498 2200 529 2230; x_wconf 89' lang='lat' dir='ltr'>in</span> <span class='ocrx_word' id='word_1_370' title='bbox 554 2201 675 2240; x_wconf 81' lang='lat' dir='ltr'>campis</span> <span class='ocrx_word' id='word_1_371' title='bbox 700 2204 820 2231; x_wconf 81' lang='lat' dir='ltr'>tantum</span> <span class='ocrx_word' id='word_1_372' title='bbox 846 2201 998 2241; x_wconf 83' lang='lat' dir='ltr'>occurrit,</span> <span class='ocrx_word' id='word_1_373' title='bbox 1025 2211 1119 2241; x_wconf 87' lang='lat' dir='ltr'>quum</span> <span class='ocrx_word' id='word_1_374' title='bbox 1144 2202 1306 2230; x_wconf 72' lang='lat' dir='ltr'>Grimmia</span> <span class='ocrx_word' id='word_1_375' title='bbox 1330 2201 1532 2230; x_wconf 73' lang='lat' dir='ltr'>Hartmanm·</span> <span class='ocrx_word' id='word_1_376' title='bbox 1556 2203 1666 2231; x_wconf 85' lang='lat' dir='ltr'>contra</span> <span class='ocrx_word' id='word_1_377' title='bbox 1689 2201 1721 2232; x_wconf 91' lang='lat' dir='ltr'>in</span> 
     </span>
     <span class='ocr_line' id='line_1_36' title="bbox 98 2251 1278 2292; baseline -0.001 -10"><span class='ocrx_word' id='word_1_378' title='bbox 98 2251 279 2282; x_wconf 86' lang='lat' dir='ltr'>nemoribus</span> <span class='ocrx_word' id='word_1_379' title='bbox 301 2251 461 2291; x_wconf 72' lang='lat' dir='ltr'>praecipue</span> <span class='ocrx_word' id='word_1_380' title='bbox 488 2251 588 2290; x_wconf 78' lang='lat' dir='ltr'>viget,</span> <span class='ocrx_word' id='word_1_381' title='bbox 614 2254 644 2281; x_wconf 80' lang='lat' dir='ltr'>et</span> <span class='ocrx_word' id='word_1_382' title='bbox 667 2261 725 2291; x_wconf 87' lang='lat' dir='ltr'>per</span> <span class='ocrx_word' id='word_1_383' title='bbox 749 2251 900 2282; x_wconf 81' lang='lat' dir='ltr'>accidens</span> <span class='ocrx_word' id='word_1_384' title='bbox 924 2252 956 2282; x_wconf 87' lang='lat' dir='ltr'>in</span> <span class='ocrx_word' id='word_1_385' title='bbox 981 2261 1109 2292; x_wconf 85' lang='lat' dir='ltr'>campos</span> <span class='ocrx_word' id='word_1_386' title='bbox 1134 2251 1278 2290; x_wconf 81' lang='lat' dir='ltr'>emigrat.</span> 
     </span>
    </p>
   </div>
   <div class='ocr_carea' id='block_1_13' title="bbox 97 2309 1720 2432">
    <p class='ocr_par' dir='ltr' id='par_1_16' title="bbox 97 2309 1720 2432">
     <span class='ocr_line' id='line_1_37' title="bbox 97 2309 1720 2374; baseline -0.001 -11"><span class='ocrx_word' id='word_1_387' title='bbox 97 2330 156 2364; x_wconf 80' lang='lat'>59.</span> <span class='ocrx_word' id='word_1_388' title='bbox 211 2309 471 2362; x_wconf 45' lang='lat' dir='ltr'>Racomitrz&#39;um</span> <span class='ocrx_word' id='word_1_389' title='bbox 503 2328 763 2362; x_wconf 61' lang='lat' dir='ltr'>lieterostz&#39;chum</span> <span class='ocrx_word' id='word_1_390' title='bbox 797 2328 871 2373; x_wconf 84' lang='lat' dir='ltr'><strong>(H.)</strong></span> <span class='ocrx_word' id='word_1_391' title='bbox 909 2350 955 2354; x_wconf 89' lang='lat'>—</span> <span class='ocrx_word' id='word_1_392' title='bbox 990 2328 1145 2373; x_wconf 79' lang='lat' dir='ltr'><strong>Schimp.</strong></span> <span class='ocrx_word' id='word_1_393' title='bbox 1182 2327 1266 2374; x_wconf 81' lang='lat' dir='ltr'><strong>Syn.</strong></span> <span class='ocrx_word' id='word_1_394' title='bbox 1300 2339 1333 2373; x_wconf 84' lang='lat' dir='ltr'>p.</span> <span class='ocrx_word' id='word_1_395' title='bbox 1370 2328 1450 2363; x_wconf 78' lang='lat'><strong>231.</strong></span> <span class='ocrx_word' id='word_1_396' title='bbox 1478 2349 1529 2353; x_wconf 82' lang='lat'>-</span> <span class='ocrx_word' id='word_1_397' title='bbox 1559 2327 1618 2361; x_wconf 76' lang='grc' dir='ltr'>ΒΓ.</span> <span class='ocrx_word' id='word_1_398' title='bbox 1648 2338 1720 2362; x_wconf 80' lang='lat' dir='ltr'><strong>eur.</strong></span> 
     </span>
     <span class='ocr_line' id='line_1_38' title="bbox 261 2385 1186 2432; baseline 0.001 -12"><span class='ocrx_word' id='word_1_399' title='bbox 261 2386 333 2421; x_wconf 81' lang='lat' dir='ltr'><strong>tab.</strong></span> <span class='ocrx_word' id='word_1_400' title='bbox 363 2389 453 2431; x_wconf 77' lang='lat'>265,</span> <span class='ocrx_word' id='word_1_401' title='bbox 484 2388 566 2421; x_wconf 81' lang='grc'><strong>266.</strong></span> <span class='ocrx_word' id='word_1_402' title='bbox 592 2409 642 2413; x_wconf 80' lang='lat'>—</span> <span class='ocrx_word' id='word_1_403' title='bbox 669 2385 808 2420; x_wconf 84' lang='lat' dir='ltr'><strong>Hartm.</strong></span> <span class='ocrx_word' id='word_1_404' title='bbox 836 2386 890 2421; x_wconf 80' lang='lat' dir='ltr'>Fl.</span> <span class='ocrx_word' id='word_1_405' title='bbox 918 2386 972 2421; x_wconf 81' lang='lat' dir='ltr'><strong>ed.</strong></span> <span class='ocrx_word' id='word_1_406' title='bbox 1000 2388 1035 2431; x_wconf 85' lang='lat'><strong>9,</strong></span> <span class='ocrx_word' id='word_1_407' title='bbox 1065 2398 1098 2432; x_wconf 89' lang='grc' dir='ltr'>Ρ.</span> <span class='ocrx_word' id='word_1_408' title='bbox 1129 2388 1186 2421; x_wconf 86' lang='lat'>59.</span> 
     </span>
    </p>
   </div>
   <div class='ocr_carea' id='block_1_14' title="bbox 96 2451 1721 2646">
    <p class='ocr_par' dir='ltr' id='par_1_17' title="bbox 96 2451 1721 2596">
     <span class='ocr_line' id='line_1_39' title="bbox 247 2451 1720 2493; baseline -0.001 -9"><span class='ocrx_word' id='word_1_409' title='bbox 247 2454 298 2485; x_wconf 84' lang='lat' dir='ltr'>Ad</span> <span class='ocrx_word' id='word_1_410' title='bbox 326 2463 406 2484; x_wconf 74' lang='lat' dir='ltr'>saxa</span> <span class='ocrx_word' id='word_1_411' title='bbox 433 2452 636 2493; x_wconf 80' lang='lat' dir='ltr'>granitoidea</span> <span class='ocrx_word' id='word_1_412' title='bbox 663 2452 806 2493; x_wconf 84' lang='lat' dir='ltr'>pluribus</span> <span class='ocrx_word' id='word_1_413' title='bbox 834 2452 928 2492; x_wconf 84' lang='lat' dir='ltr'>locis,</span> <span class='ocrx_word' id='word_1_414' title='bbox 955 2453 1137 2492; x_wconf 82' lang='lat' dir='ltr'>plerumque</span> <span class='ocrx_word' id='word_1_415' title='bbox 1162 2462 1237 2483; x_wconf 92' lang='lat' dir='ltr'>vero</span> <span class='ocrx_word' id='word_1_416' title='bbox 1260 2461 1358 2492; x_wconf 80' lang='lat' dir='ltr'>parce</span> <span class='ocrx_word' id='word_1_417' title='bbox 1383 2455 1414 2482; x_wconf 85' lang='lat' dir='ltr'>et</span> <span class='ocrx_word' id='word_1_418' title='bbox 1438 2451 1558 2491; x_wconf 83' lang='lat' dir='ltr'>sterile,</span> <span class='ocrx_word' id='word_1_419' title='bbox 1584 2462 1613 2482; x_wconf 87' lang='lat' dir='ltr'>v.</span> <span class='ocrx_word' id='word_1_420' title='bbox 1638 2461 1664 2483; x_wconf 82' lang='lat' dir='ltr'>c.</span> <span class='ocrx_word' id='word_1_421' title='bbox 1688 2451 1720 2482; x_wconf 90' lang='lat' dir='ltr'>in</span> 
     </span>
     <span class='ocr_line' id='line_1_40' title="bbox 96 2501 1721 2545; baseline -0.002 -9"><span class='ocrx_word' id='word_1_422' title='bbox 96 2505 217 2545; x_wconf 85' lang='lat' dir='ltr'>campis</span> <span class='ocrx_word' id='word_1_423' title='bbox 248 2514 347 2545; x_wconf 80' lang='lat' dir='ltr'>prope</span> <span class='ocrx_word' id='word_1_424' title='bbox 376 2502 580 2535; x_wconf 81' lang='lat' dir='ltr'>Thorslunda</span> <span class='ocrx_word' id='word_1_425' title='bbox 610 2506 641 2533; x_wconf 78' lang='lat' dir='ltr'>et</span> <span class='ocrx_word' id='word_1_426' title='bbox 671 2503 787 2543; x_wconf 84' lang='lat' dir='ltr'>Tveta,</span> <span class='ocrx_word' id='word_1_427' title='bbox 824 2503 988 2543; x_wconf 73' lang='lat' dir='ltr'>Mollstorp</span> <span class='ocrx_word' id='word_1_428' title='bbox 1020 2504 1051 2534; x_wconf 83' lang='lat' dir='ltr'>in</span> <span class='ocrx_word' id='word_1_429' title='bbox 1081 2503 1244 2542; x_wconf 82' lang='lat' dir='ltr'>betuletis,</span> <span class='ocrx_word' id='word_1_430' title='bbox 1276 2501 1466 2541; x_wconf 81' lang='lat' dir='ltr'>Borgholms</span> <span class='ocrx_word' id='word_1_431' title='bbox 1497 2502 1721 2533; x_wconf 83' lang='lat' dir='ltr'>slottsbranter</span> 
     </span>
     <span class='ocr_line' id='line_1_41' title="bbox 98 2553 1431 2596; baseline -0.002 -10"><span class='ocrx_word' id='word_1_432' title='bbox 98 2555 305 2596; x_wconf 84' lang='lat' dir='ltr'>parcissime,</span> <span class='ocrx_word' id='word_1_433' title='bbox 328 2555 418 2585; x_wconf 73' lang='lat' dir='ltr'>Back</span> <span class='ocrx_word' id='word_1_434' title='bbox 440 2554 590 2594; x_wconf 85' lang='lat' dir='ltr'>paroeeiae</span> <span class='ocrx_word' id='word_1_435' title='bbox 614 2553 744 2594; x_wconf 79' lang='lat' dir='ltr'>H&#39;ogby,</span> <span class='ocrx_word' id='word_1_436' title='bbox 770 2553 861 2584; x_wconf 61' lang='lat' dir='ltr'>Beda</span> <span class='ocrx_word' id='word_1_437' title='bbox 885 2554 1067 2594; x_wconf 82' lang='lat' dir='ltr'>kronopark</span> <span class='ocrx_word' id='word_1_438' title='bbox 1090 2571 1132 2575; x_wconf 90' lang='lat'><strong>—</strong></span> <span class='ocrx_word' id='word_1_439' title='bbox 1156 2563 1182 2584; x_wconf 80' lang='lat' dir='ltr'>c.</span> <span class='ocrx_word' id='word_1_440' title='bbox 1207 2553 1243 2584; x_wconf 86' lang='lat' dir='ltr'>fr.</span> <span class='ocrx_word' id='word_1_441' title='bbox 1267 2572 1305 2576; x_wconf 88' lang='lat'>-</span> <span class='ocrx_word' id='word_1_442' title='bbox 1330 2553 1371 2583; x_wconf 91' lang='lat' dir='ltr'>M.</span> <span class='ocrx_word' id='word_1_443' title='bbox 1395 2553 1431 2583; x_wconf 90' lang='lat' dir='ltr'>B.</span> 
     </span>
    </p>

    <p class='ocr_par' dir='ltr' id='par_1_18' title="bbox 200 2612 1616 2646">
     <span class='ocr_line' id='line_1_42' title="bbox 200 2612 1616 2646; baseline -0.004 -7"><span class='ocrx_word' id='word_1_444' title='bbox 200 2613 273 2639; x_wconf 72' lang='lat' dir='ltr'>Nova</span> <span class='ocrx_word' id='word_1_445' title='bbox 291 2614 358 2639; x_wconf 76' lang='lat' dir='ltr'>Acta</span> <span class='ocrx_word' id='word_1_446' title='bbox 375 2614 439 2646; x_wconf 82' lang='lat' dir='ltr'><strong>Reg.</strong></span> <span class='ocrx_word' id='word_1_447' title='bbox 459 2613 516 2638; x_wconf 84' lang='lat' dir='ltr'><strong>Soc.</strong></span> <span class='ocrx_word' id='word_1_448' title='bbox 536 2612 576 2637; x_wconf 83' lang='lat' dir='ltr'>Sc.</span> <span class='ocrx_word' id='word_1_449' title='bbox 596 2612 657 2645; x_wconf 78' lang='lat' dir='ltr'><strong>Ups.</strong></span> <span class='ocrx_word' id='word_1_450' title='bbox 694 2612 747 2638; x_wconf 78' lang='lat' dir='ltr'><strong>Ser.</strong></span> <span class='ocrx_word' id='word_1_451' title='bbox 767 2612 815 2637; x_wconf 92' lang='lat' dir='ltr'><strong>III.</strong></span> <span class='ocrx_word' id='word_1_452' title='bbox 1601 2612 1616 2637; x_wconf 84' lang='lat'><strong>3</strong></span> 
     </span>
    </p>
   </div>
  </div>
 </body>
</html>
