2134 3034
424 221 468 254 18
979 214 1012 251 J.
1041 215 1083 249 E.
1113 215 1392 258 ZETTERSTEDT‚

373 320 430 354 sso.
485 318 744 352 Racomitrmm
771 329 951 351 canescens
980 315 1095 361 (Dill.)
1127 337 1169 341 —
1201 315 1357 361 Schimp.
1387 314 1471 360 Syn.
1500 326 1533 360 p.
1565 316 1646 349 235.
1667 336 1716 340 —
1741 314 1800 348 Er.
1830 324 1900 348 cur.
1928 314 1999 348 tab.

536 377 624 419 270,
655 377 737 410 271.
767 397 817 401 —
843 374 981 409 Hartm.
1010 373 1064 408 Fl.
1094 373 1148 408 ecl.
1175 378 1211 418 9,
1241 385 1273 419 p.
1304 375 1360 408 58.

482 489 492 499 3
523 452 558 482 Iu
584 451 708 492 campis
729 450 952 481 alvarensibus
977 448 1018 479 ad
1042 454 1158 479 terram
1182 448 1288 479 multis
1312 448 1408 487 locis,
1434 452 1467 478 at
1494 447 1573 478 satis
1604 446 1786 487 dispersum
1817 451 1849 477 et
1872 448 1996 488 sterile,

370 512 399 533 v.
424 511 450 533 e.
473 501 542 532 Ahs
567 502 672 540 alvar,
692 502 810 532 Resmo
827 501 931 540 alvar,
952 499 1122 540 Wickleby
1138 500 1242 540 alvar,
1263 499 1364 529 Tveta
1392 498 1441 538 fis,
1466 497 1628 537 Trugstad
1652 498 1802 538 parocciae
1825 498 1999 539 Replinge,

369 552 540 592 Borgholm
569 552 629 582 och
653 551 859 591 Borgahage.
885 570 924 573 —
950 551 987 582 A.
1010 550 1051 581 M.

521 611 600 641 Haec
625 610 751 651 species
776 613 809 640 ut
833 609 1021 650 praecedens
1045 608 1140 640 valde
1165 607 1328 638 variabilis
1356 610 1414 638 est.
1460 607 1496 637 In
1527 594 1594 637 Ixhs
1620 607 1709 637 alvar
1739 607 1876 638 occurrit
1899 607 2000 638 forma

369 660 454 692 foliis
479 661 668 693 brevissime
692 660 838 701 piliferiS,
864 670 934 701 quae
958 659 1067 691 habitu
1092 658 1205 689 similis
1232 661 1281 688 est
1305 659 1480 697 Heclwiyz'oe
1504 658 1629 689 eiliatce.

372 746 429 779 (31.
484 745 678 793 Hedwigyz'a
707 746 824 780 ciliaco
853 744 1011 791 (Dicks.)
1031 766 1080 771 —-
1101 743 1256 789 Schimp.
1286 742 1370 789 Syn.
1401 754 1433 788 p.
1460 743 1542 777 238.
1566 763 1610 767 —
1631 742 1689 776 ΒΓ.
1720 753 1791 776 cur.
1819 742 1889 776 tab.
1913 743 1999 786 2727

539 805 621 839 273.
646 826 697 830 —-
723 803 994 849 Heclwigidium
1025 803 1182 838 ciliatum
1210 802 1348 837 Hartm.
1376 801 1430 835 Fl.
1460 800 1513 835 ed.
1544 802 1581 845 9,
1610 812 1643 847 p.
1673 802 1730 834 54.

520 880 571 910 Ad
601 890 681 911 saxa
711 879 914 920 granitoidea
944 880 1086 919 vulgaris
1115 888 1173 919 per
1206 881 1305 908 totam
1336 875 1528 907 Oelandiam
1553 876 1592 907 ab
1616 875 1755 917 Ottenby
1779 875 1820 906 acl
1845 875 1936 906 B'oda
1959 894 2001 898 —

371 938 397 960 c.
422 930 459 961 fr.
485 949 525 952 —
546 931 584 961 A.
609 931 650 961 M.
676 931 712 962 B.

520 989 572 1020 Ad
607 999 687 1021 saxa
724 990 872 1020 calcarea
907 997 1095 1027 numsquam
1130 986 1299 1018 invenitur.
1344 986 1457 1017 variat
1493 986 1614 1027 passim
1641 986 1723 1017 foliis
1755 986 1822 1017 fere
1847 986 1999 1027 epiliferis

371 1040 453 1077 (var.
477 1041 708 1078 subimherbis).

372 1117 428 1151 62.
490 1115 594 1151 Ulota
635 1117 749 1164 crispa
793 1116 866 1163 (H.)
900 1137 950 1142 —
974 1114 1129 1160 Schimp.
1164 1113 1248 1160 Syn.
1282 1125 1314 1159 p.
1349 1113 1430 1147 257.
1459 1134 1508 1137 —
1543 1112 1807 1148 Orthotrichum
1843 1113 2000 1160 crispum

536 1175 595 1209 ΒΓ.
625 1186 696 1209 cur.
725 1176 796 1212 tab.
826 1177 908 1210 228.
936 1196 986 1200 ——-
1013 1173 1149 1208 Hartm.
1178 1172 1232 1207 ΕΙ.
1261 1171 1315 1206 ed.
1345 1173 1382 1216 9,
1411 1182 1444 1217 p.
1473 1173 1531 1206 49.

518 1251 569 1282 Ad
600 1255 729 1283 truncos
760 1252 907 1283 arborum
939 1253 989 1281 sat
1018 1259 1105 1288 raro.
1143 1247 1200 1278 sed
1236 1247 1328 1278 solito
1364 1247 1523 1287 copiosius
1559 1247 1767 1288 fructificans,
1802 1258 1830 1279 v.
1855 1258 1882 1279 c.
1916 1248 1999 1279 infra

370 1301 563 1342 Borgholms
599 1303 675 1333 slott
710 1302 751 1333 ad
782 1303 883 1333 ulmos
918 1305 949 1332 ct
987 1300 1111 1341 corylos
1146 1298 1351 1339 parcissime,
1385 1297 1476 1328 Boda
1513 1298 1699 1339 kronopark
1729 1299 1760 1329 in
1795 1302 1885 1339 parte
1915 1299 2001 1330 diota

370 1353 625 1393 Bogateskogen
649 1352 691 1384 acl
716 1353 838 1384 abietes
863 1356 894 1383 et
918 1353 1008 1382 alnos
1033 1350 1163 1390 copiose
1186 1368 1228 1372 —-
1253 1359 1278 1380 c.
1303 1349 1339 1379 fr.
1363 1368 1404 1371 —
1427 1348 1468 1379 M.
1492 1348 1527 1379 B.

526 1412 697 1452 Complura
721 1412 899 1452 specimina
923 1411 955 1441 in
980 1409 1230 1449 Bogateskogen
1262 1409 1346 1439 lecta
1382 1409 1485 1439 Ulotoe
1508 1409 1657 1448 crispum
1681 1411 1732 1439 sat
1756 1408 1873 1439 similia
1896 1412 2001 1450 erant3

372 1472 467 1502 quum
495 1472 571 1493 vero
600 1463 688 1494 nulla
718 1462 899 1493 differentia
931 1460 1101 1502 perspicua
1125 1469 1160 1490 se
1184 1459 1326 1500 praebeat
1354 1459 1436 1489 inter
1465 1458 1532 1489 haeo
1561 1459 1739 1499 specimina
1763 1462 1794 1489 et
1823 1459 1903 1497 alia,
1928 1470 1998 1500 quae

372 1513 414 1544 ad
447 1514 578 1544 Ulotam
601 1514 741 1553 crispam
765 1513 935 1543 manifeste
965 1511 1161 1551 pertineant,
1194 1511 1346 1551 optimum
1381 1520 1455 1541 esse
1486 1509 1581 1540 credo
1605 1510 1712 1540 onmia
1737 1511 1916 1550 specimina
1940 1510 2001 1542 Oe-

372 1564 502 1595 landica
532 1563 575 1595 ad
608 1564 738 1595 Ulotam
761 1565 901 1603 crispam
925 1563 1054 1593 referre.
1100 1561 1137 1592 In
1169 1564 1276 1592 monte
1306 1560 1446 1600 Omberg
1486 1561 1616 1592 Ulotam
1645 1562 1822 1600 crispulum
1845 1564 1910 1592 tam
1933 1562 2002 1602 pul-

375 1615 485 1646 chram
520 1618 551 1646 et
585 1615 745 1654 insignem
775 1614 855 1654 legi,
881 1617 914 1644 ut
944 1617 1041 1643 antea
1071 1612 1207 1643 eandem
1237 1612 1399 1653 propriam
1430 1611 1570 1652 speciem
1595 1611 1710 1642 sistere
1734 1612 2000 1653 existimaverim3

374 1666 432 1697 scd
457 1666 636 1706 specimina
660 1674 732 1696 mea
755 1664 934 1696 Oelandica
955 1664 1074 1695 formas
1099 1662 1224 1693 medias
1248 1663 1329 1693 inter
1361 1663 1477 1693 Ulotas
1499 1663 1639 1702 crispam
1664 1666 1694 1693 et
1720 1664 1898 1702 crispulum
1920 1673 2002 1704 prae-

374 1716 463 1757 bent,
488 1720 521 1747 ut
543 1726 626 1747 nunc
650 1716 726 1747 mihi
752 1716 881 1747 difficile
906 1713 955 1746 sit*
971 1715 1029 1745 has
1055 1714 1135 1744 duas
1161 1713 1286 1754 species
1310 1714 1329 1744 l.
1354 1714 1473 1744 formas
1499 1716 1584 1743 certe
1609 1713 1817 1752 distinguere.

377 1804 434 1837 63.
494 1802 756 1837 Ortlzotrz‘clzzmz.
782 1802 987 1848 cupulatvm
1014 1800 1146 1835 Hoffm.
1167 1821 1217 1826 —
1244 1799 1400 1845 Schimp.
1429 1798 1513 1845 Syn.
1538 1809 1570 1844 p.
1592 1799 1674 1832 260.
1693 1819 1742 1823 ——
1763 1798 1821 1832 ΒΓ.
1842 1809 1913 1833 eur.
1933 1799 2004 1834 tab.

545 1861 627 1894 209.
655 1882 705 1885 —
731 1860 871 1895 Hartm.
900 1860 954 1894 Fl.
981 1858 1034 1893 ed.
1064 1860 1101 1902 9,
1129 1870 1162 1904 p.
1191 1860 1249 1893 49.

527 1936 577 1968 Ad
608 1946 701 1975 saxa,
731 1935 891 1976 praecipue
922 1936 1082 1980 calcarea,
1113 1935 1145 1964 in
1176 1934 1298 1974 campis
1328 1933 1549 1964 alvarensibus
1582 1936 1631 1963 sat
1658 1934 1789 1973 vulgare
1819 1943 1876 1974 per
1904 1937 2003 1964 totam

376 1988 442 2019 fere
468 1986 660 2018 Oelancliam
685 1986 724 2017 ab
752 1986 892 2027 Ottenby
916 1990 947 2016 et
967 1982 1035 2016 Ahs
1061 1986 1150 2017 alvar
1173 1994 1274 2025 usque
1298 1984 1339 2015 ad
1364 1983 1480 2024 Hogby
1504 1986 1535 2014 et
1559 1984 1665 2015 Horns
1690 1984 1779 2014 alvar
1796 2002 1838 2006 —
1857 1994 1883 2016 c.
1909 1985 1945 2016 fr.
1963 2004 2002 2007 —

374 2039 411 2069 A.
437 2038 477 2068 M.
503 2037 539 2068 B.

378 2118 435 2151 (54.
495 2115 757 2150 Orthotriclmm
792 2114 997 2148 anomalum
1024 2112 1068 2148 H.
1097 2134 1147 2137 —
1175 2111 1331 2159 Schimp.
1368 2111 1452 2159 Syn.
1487 2123 1520 2157 p.
1558 2113 1640 2147 262.
1670 2134 1720 2138 —
1745 2112 1805 2147 ΒΓ.
1832 2124 1904 2148 eur.
1932 2114 2002 2149 tab.

543 2175 627 2208 210.
654 2196 704 2199 -
731 2172 870 2208 Hartm.
897 2171 952 2206 Fl.
981 2170 1034 2205 ed.
1065 2173 1102 2213 9,
1130 2182 1163 2216 p.
1193 2172 1250 2206 51.

528 2249 578 2280 Ad
602 2258 708 2279 muros
733 2252 764 2279 et
788 2257 880 2288 saxa,
906 2247 1065 2288 praecipue
1090 2247 1238 2277 calcarea
1262 2256 1318 2287 per
1340 2249 1436 2277 totam
1462 2247 1528 2277 fere
1553 2246 1743 2278 Oelandiam
1768 2247 1807 2278 ab
1827 2235 1896 2278 Ahs
1914 2247 2004 2277 alvar

377 2302 419 2333 ad
448 2301 566 2341 Hogby
597 2304 628 2345 et
651 2300 748 2330 Horn.
795 2298 959 2338 Praecipue
984 2297 1147 2337 copiosum
1172 2297 1280 2328 inveni
1305 2296 1346 2327 ad
1371 2297 1489 2338 H'ogby
1513 2301 1544 2328 et
1566 2298 1665 2329 Horn.
1720 2300 1795 2329 Var.
1818 2299 2004 2328 brevisetzcm

376 2353 514 2384 occurrit
536 2352 568 2382 in
592 2347 660 2381 Ahs
684 2351 772 2382 alvar
794 2352 826 2380 et
843 2349 884 2380 ad
907 2349 1001 2380 Stora
1026 2348 1090 2378 Ror
1115 2366 1154 2369 —
1179 2357 1205 2378 c.
1230 2349 1266 2379 fr.
1291 2367 1330 2369 —
1355 2349 1393 2378 A.
1417 2348 1458 2379 M.
1482 2349 1518 2379 B.

379 2433 436 2466 65.
496 2429 759 2464 Ovrthozerichmn
787 2426 1019 2474 obtusz'folium
1048 2424 1195 2461 Schrad.
1223 2446 1273 2451 —
1299 2424 1454 2471 Schimp.
1483 2424 1567 2471 Syn.
1595 2437 1627 2471 p.
1657 2426 1739 2460 263.
1767 2447 1816 2451 —
1843 2425 1902 2460 Br.
1932 2435 2003 2459 eur.

543 2488 614 2522 tab.
644 2487 726 2521 208.
753 2506 804 2511 --
830 2485 969 2520 Hartm.
997 2484 1051 2518 Fl.
1080 2483 1134 2518 ed.
1166 2485 1202 2525 9,
1231 2496 1263 2530 p.
1292 2485 1349 2518 49.
