2134 3034
586 221 706 256 Musei
733 232 778 258 ΕΤ
805 223 1012 259 HEPA'HGAE
1041 223 1262 260 OELANDIAE.
1640 229 1686 262 25

117 322 198 355 106.
258 321 495 368 Catoscopiam
533 321 704 367 'nisyrz‘tmn
739 323 814 368 (H.)
851 345 895 350 ——
931 324 1086 370 Schimp.
1120 325 1205 372 Syn.
1238 338 1271 373 p.
1300 328 1383 362 405.
1412 349 1456 354 ——
1484 328 1543 363 ΒΓ.
1570 340 1641 364 eur.
1670 329 1739 364 tab.

303 380 385 413 313.
422 399 458 403 —
490 378 629 413 Hartm.
656 380 711 414 1³1.
741 380 795 416 ccl.
828 384 866 425 9,
896 393 928 428 p.
956 384 1015 417 46.

261 454 298 484 Iu
329 454 496 494 uliginosis
526 464 710 495 cannporum
745 456 960 487 alvarensium
991 461 1022 488 et
1051 459 1082 489 in
1112 460 1282 500 paludibus
1312 461 1467 493 caleareis
1492 462 1635 503 pluribus
1659 462 1737 493 loeis

111 504 296 544 plerumque
320 508 426 535 tamen
451 515 564 545 parce,
590 516 618 536 v.
644 515 671 536 0.
695 506 726 536 in
751 506 922 546 paludibus
947 518 1046 548 prope
1072 510 1187 550 Tveta,
1220 512 1400 552 Repplinge
1424 513 1527 554 alvar,
1558 514 1588 544 in
1614 512 1738 554 paludi-

110 555 169 586 bus
194 555 276 586 inter
300 555 463 595 Tr'ogstad
488 560 519 586 et
542 556 695 596 templum
719 556 850 596 Kaiping
873 576 914 579 —
938 568 963 588 0.
987 558 1022 589 sr.
1048 579 1087 582 ——
1113 561 1153 591 M.

113 631 193 665 107.
247 631 523 666 Aulcoeomnz'nm
558 632 807 679 fflzdl'oyynwn
843 633 913 678 (L.)
952 655 995 660 —
1026 635 1182 683 Sollimp.
1212 637 1295 685 Syn.
1323 650 1358 685 p.
1388 641 1471 676 411.
1505 660 1547 665 —-
1576 639 1635 674 ΒΓ.
1664 650 1735 674 eur.

303 690 373 725 tab.
403 691 486 726 406.
517 712 557 716 —
591 690 730 727 Hartm.
757 691 813 725 Fl.
842 691 896 729 ed.
926 694 964 736 9,
994 704 1026 738 p.
1056 695 1112 729 31.

259 764 309 795 Ad
340 769 474 804 terram,
500 768 627 796 truncos
652 765 813 806 putridos,
840 767 966 799 radices
991 768 1137 800 arborum
1161 773 1220 802 ete.
1245 772 1276 802 in
1301 772 1391 803 silvis
1416 772 1596 804 frondiferis
1621 776 1652 803 et
1676 772 1734 804 Co-

108 815 277 846 niferarum
300 816 440 856 pluribus
466 816 560 856 loeis,
584 819 617 846 at
641 826 713 847 raro
734 816 942 854 fructificans,
970 829 998 850 v.
1022 829 1048 850 0.
1074 818 1292 861 Ottenbylund
1314 833 1431 863 magna
1454 824 1546 864 copia
1563 827 1594 854 et
1610 823 1734 864 passim

106 866 314 906 fructiferum,
340 867 371 897 in
397 867 478 897 silva
502 867 584 898 infra
607 868 759 907 templum
785 868 1004 909 Thorslunda,
1030 870 1195 912 Mbllstorp
1212 872 1243 902 in
1263 872 1425 913 betuletis,
1445 874 1477 905 in
1496 875 1578 906 silva
1595 874 1736 905 abietina

106 917 189 948 inter
213 917 340 948 Samis
365 921 396 948 et
419 917 570 957 Ruhfflla,
596 917 627 948 in
652 919 742 949 silvis
766 919 950 950 frondiferis
974 920 1057 951 inter
1082 920 1176 952 Stora
1199 923 1265 953 Rin-
1288 927 1319 954 et
1344 924 1450 964 Ralla,
1470 924 1500 955 in
1520 926 1609 957 silvis
1634 935 1733 966 prope

106 968 269 1009 Hornsjim
293 969 542 1009 septentrionem
569 978 697 1008 versus,
723 969 815 1000 Bsda
840 970 1025 1011 kronopark
1049 973 1155 1004 multis
1177 973 1254 1005 locis
1279 992 1320 996 —
1344 984 1370 1005 0.
1395 975 1430 1006 fr.
1455 994 1498 997 —
1518 977 1556 1007 A.
1581 976 1622 1007 M.
1647 977 1682 1007 B.

109 1046 190 1080 108.
245 1045 523 1080 Aulaconmz'nm
553 1046 709 1093 palustre
743 1045 814 1091 (L.)
850 1067 891 1071 —
931 1047 1086 1094 Schimp.
1115 1048 1199 1096 Syn.
1226 1061 1259 1096 p.
1286 1051 1369 1085 412.
1403 1073 1444 1076 —
1473 1051 1532 1086 ΒΓ.
1560 1063 1632 1087 eur.
1660 1053 1732 1089 tab.

297 1106 381 1139 405.
411 1126 455 1130 --
487 1103 625 1139 Hartm.
649 1104 703 1139 Fl.
733 1104 786 1139 ed.
818 1107 856 1150 9,
885 1117 918 1152 p.
947 1108 1004 1141 30.

257 1180 294 1211 In
318 1179 490 1221 paludibus
514 1183 545 1211 et
567 1180 736 1220 uliginosis
762 1181 914 1212 silvarum
938 1186 1163 1223 pratorumque
1187 1184 1319 1223 vulgare
1343 1194 1401 1225 per
1422 1188 1522 1216 totam
1540 1185 1732 1217 Oelandiam

104 1230 144 1261 ab
170 1229 309 1272 Ottenby
332 1230 374 1261 ad
396 1230 501 1271 Roda,
527 1234 560 1261 at
582 1241 680 1271 parce
705 1232 901 1264 fructificans
927 1252 966 1256 —
991 1244 1016 1264 0.
1039 1234 1076 1266 fr.
1098 1252 1140 1256 —
1163 1234 1200 1266 A.
1225 1235 1266 1266 M.
1289 1236 1325 1266 B.

107 1316 189 1350 109.
243 1315 461 1350 Bartrcwnia
500 1316 628 1351 oedem·
664 1315 812 1364 (Gunu.)
851 1340 892 1344 u
928 1318 1082 1365 Sohimp.
1113 1319 1197 1366 Syn.
1222 1332 1256 1366 p.
1282 1322 1366 1356 420.
1397 1342 1440 1348 —
1470 1321 1529 1356 ΒΓ.
1558 1332 1629 1357 eur.
1658 1323 1729 1358 tab.

297 1375 380 1409 318.
411 1396 455 1401 —
485 1374 623 1410 Hartm.
650 1374 706 1410 Fl.
735 1375 789 1410 ed.
818 1378 855 1420 9,
884 1388 917 1423 p.
945 1378 1004 1411 46.

254 1449 305 1481 Ad
327 1459 422 1491 rupes
447 1451 611 1481 calcareas
636 1461 709 1482 raro
734 1454 766 1482 et
789 1454 910 1482 tantum
934 1455 1061 1493 reperta
1085 1453 1117 1484 in
1140 1453 1289 1494 K'Opings
1313 1454 1456 1495 branter,
1482 1456 1534 1487 ubi
1557 1466 1656 1497 parce
1679 1467 1731 1488 00-

103 1501 200 1532 currit
223 1520 264 1524 —
288 1510 315 1533 0.
336 1501 372 1532 fr.
396 1519 438 1523 -
464 1501 504 1531 M.

105 1579 187 1613 110.
239 1578 437 1613 Plzz'lonotz's
454 1578 615 1625 fontana
644 1576 714 1625 (L.)
742 1599 793 1604 —
821 1577 976 1624 Schimp.
1005 1578 1089 1626 Syn.
1117 1591 1151 1626 p.
1178 1581 1263 1616 426.
1286 1602 1329 1607 —
1351 1581 1555 1617 Bartramia
1582 1583 1730 1618 fontana

291 1637 350 1672 ΒΓ.
379 1647 449 1671 eur.
477 1636 548 1671 tab.
578 1637 661 1671 324.
686 1658 735 1662 —
760 1636 898 1672 Hartln.
926 1637 981 1672 Fl.
1010 1638 1064 1673 ed.
1092 1640 1130 1683 9,
1159 1650 1192 1684 p.
1218 1641 1277 1675 46.

250 1713 303 1744 Ad
333 1713 437 1744 fontes
467 1716 498 1744 et
528 1712 647 1743 rivulos
676 1712 817 1753 pluribus
847 1713 941 1753 locis,
972 1724 1000 1744 v.
1026 1723 1051 1745 0.
1082 1713 1302 1753 Thorslunda,
1333 1715 1551 1757 Glbmminge,
1580 1716 1726 1758 Koping,

100 1764 191 1795 Back
213 1764 362 1805 paroeciae
386 1764 517 1804 H'Ogby,
542 1762 634 1794 Euda
658 1782 697 1785 —
722 1763 763 1794 Μ.
787 1763 823 1794 Β.

104 1842 185 1875 111.
239 1839 436 1874 Philonotis
469 1839 626 1873 calcarea
659 1838 814 1886 Schimp.
844 1840 928 1886 Syn.
965 1852 999 1886 p.
1034 1842 1117 1875 427.
1151 1863 1201 1866 —
1233 1841 1436 1877 Bartramia
1467 1843 1633 1878 calcarea
1665 1844 1725 1879 ΒΓ.

294 1909 364 1933 eur.
392 1897 463 1932 tab.
493 1898 574 1933 325.
603 1919 653 1922 —
679 1897 818 1932 Hartm.
846 1898 901 1933 Fl.
929 1898 982 1933 ed.
1012 1900 1049 1943 9,
1077 1910 1110 1945 p.
1140 1901 1198 1934 46.

250 1974 287 2004 In
311 1973 481 2013 paludibus
507 1974 663 2004 ealcareis
687 1977 719 2004 et
743 1973 784 2004 ad
809 1974 929 2005 rivulos
951 1974 1093 2014 pluribus
1118 1975 1211 2016 locis,
1237 1986 1266 2007 v.
1291 1986 1317 2008 0.
1340 1977 1512 2019 Wiekleby
1534 1988 1635 2019 prope
1658 1979 1725 2010 son-

98 2029 163 2057 tem
185 2025 268 2056 infra
290 2023 535 2065 Landtborgen,
561 2024 656 2056 Stora
680 2025 758 2064 R'Or,
784 2025 867 2056 infra
890 2025 985 2056 Ralla
1006 2028 1037 2055 et
1055 2025 1209 2066 Ekerum,
1228 2027 1402 2067 Borgholm
1420 2047 1459 2051 —
1476 2039 1502 2060 0.
1521 2029 1557 2060 fr.
1573 2048 1616 2052 -—
1631 2031 1669 2062 A.
1683 2031 1724 2062 M.

102 2112 183 2145 112.
237 2110 427 2144 Atriclwm
460 2109 673 2144 undulatmn
710 2109 779 2155 (L)
817 2131 867 2134 —
903 2108 1058 2155 Schimp.
1095 2109 1178 2157 Syn.
1212 2122 1245 2157 p.
1277 2113 1361 2147 433.
1392 2135 1442 2138 —
1468 2113 1527 2149 Br.
1556 2125 1626 2150 eur.
1653 2117 1724 2152 tab.

290 2169 381 2212 409,
410 2169 494 2204 410.
522 2190 572 2193 —
601 2166 821 2203 Catharinea
844 2167 1017 2202 undulata
1043 2168 1181 2204 Hartm.
1208 2169 1263 2206 Fl.
1289 2170 1344 2205 ecl.
1374 2172 1411 2216 9,
1438 2183 1470 2218 p.
1499 2174 1557 2207 45.
1589 2191 1593 2193 ⁴

246 2244 285 2274 In
312 2243 470 2274 umbrosis
499 2244 642 2274 lucorum
670 2247 702 2275 et
730 2244 883 2275 silvarum
912 2244 1018 2275 multis
1049 2245 1143 2285 locis,
1174 2255 1203 2276 v.
1228 2255 1254 2276 0.
1280 2245 1515 2287 Ottenbylund,
1539 2236 1608 2280 Ᾱὴε
1633 2249 1723 2280 alvar

92 2295 186 2337 juxta
208 2304 330 2325 murum
355 2303 522 2334 magnum,
547 2294 775 2336 F'arjestaden,
802 2294 962 2335 Grziborg,
986 2295 1169 2336 Mffllstorp,
1194 2296 1337 2335 Saxn‘as,
1361 2297 1473 2338 Ralla,
1496 2298 1588 2330 Roda
1610 2299 1722 2331 krono-

95 2345 179 2387 park
201 2345 234 2376 in
257 2345 512 2385 Bogateskogen
537 2363 577 2367 ——
602 2354 627 2376 0.
652 2345 688 2376 fr.
713 2364 753 2367 ——
777 2345 815 2376 A.
839 2345 880 2376 M.
904 2346 941 2376 B.

99 2430 181 2466 113.
235 2429 480 2475 Polycrichum
510 2429 642 2475 yraez'le
672 2428 789 2465 Menz.
817 2451 868 2454 —
892 2429 1047 2476 Schimp.
1085 2429 1168 2477 Syn.
1197 2442 1232 2477 p.
1266 2433 1350 2466 444.
1382 2454 1428 2457 —
1455 2432 1514 2467 ΒΓ.
1549 2444 1620 2469 eur.
1650 2436 1722 2471 tab.

287 2488 371 2522 421.
399 2509 449 2512 —
476 2486 615 2524 Hartm.
642 2487 698 2522 Fl.
728 2487 781 2522 ed.
810 2489 847 2532 9,
874 2500 908 2534 p.
935 2490 992 2525 44.

200 2561 274 2587 Nova
291 2561 358 2587 Acta
376 2562 440 2595 Reg.
460 2561 517 2587 Soc.
537 2561 577 2587 Sc.
596 2562 658 2596 Ups.
695 2562 748 2588 Ser.
767 2562 815 2588 111.
1600 2568 1616 2593 4
