2134 3034
422 221 467 254 22
984 216 1018 252 J.
1047 217 1089 252 E.
1118 217 1394 264 ZETTERSTEDT,

372 321 429 354 89.
483 318 628 365 Brgmm
653 319 841 365 pallescens
869 318 1044 354 Sohleich.
1069 341 1120 345 —
1139 318 1294 366 Sohimp.
1323 320 1408 367 Syn.
1437 334 1469 368 p.
1500 322 1557 356 32.
1576 343 1626 347 —-
1644 320 1703 355 ΒΓ.
1725 332 1795 355 eur.
1816 320 1887 354 tab.
1908 321 1997 364 539,

548 377 630 410 560.
650 376 852 411 -HartnL
881 377 935 411 Fl.
965 376 1019 411 ed.
1050 378 1092 419 9,
1124 389 1157 423 Ρ.
1188 379 1245 412 32.

520 451 571 482 Ad
594 455 712 482 terram
737 455 768 482 01
792 462 887 492 rupes
913 453 1055 493 pluribus
1079 453 1172 491 loeis.
1197 455 1383 494 plerumque
1406 458 1514 484 tamen
1537 463 1648 494 parce,
1668 463 1695 483 v.
1716 462 1741 483 0.
1761 451 1994 493 Ottenbylund,

370 503 488 541 Tveta,
513 502 703 541 Borgholm,
730 502 837 533 Horns
862 503 1043 544 sjobranter
1065 514 1129 535 una
1153 514 1222 535 cum
1246 505 1390 536 Preissia
1413 508 1619 544 commutata,
1644 503 1736 534 Bbda
1760 503 1946 543 kronopark
1964 503 1996 532 in

368 553 620 592 Rogateskogen
644 572 684 575 —
709 562 734 584 0.
758 553 794 583 fr.
820 572 860 575 —
884 554 921 584 A.
944 554 986 585 M.
1005 555 1041 585 B.

370 631 427 664 90.
484 630 626 676 Bryum
654 630 874 677 ccespz'ticz'zcm
902 630 944 665 L.
980 654 1029 657 —
1062 631 1217 678 Sehimp.
1253 631 1337 679 Syn.
1366 643 1399 678 Ρ.
1427 633 1509 666 36ῖ.
1536 652 1587 656 -
1611 629 1670 664 Br.
1701 641 1772 664 eur.
1801 629 1872 664 tab.
1902 630 1992 673 374,

535 689 617 722 375.
645 709 696 713 —
723 688 861 724 Hartm.
890 689 945 724 Fl.
971 689 1026 724 ed.
1057 692 1094 735 9,
1123 701 1156 736 Ρ.
1187 692 1244 725 33.

518 762 569 793 Ad
593 773 713 803 muros,
740 774 834 805 saxa,
859 768 975 795 terram
1000 770 1057 796 010.
1084 770 1135 797 sat
1159 767 1290 806 vulgare
1314 776 1370 807 per
1394 769 1492 797 totam
1517 764 1707 796 Oelandiam
1733 764 1772 794 ab
1795 762 1934 804 Otteuby
1950 763 1992 794 ad

367 812 460 843 Roda
483 831 524 835 ——
548 823 573 843 0.
597 814 633 845 fr.
659 833 697 836 —
721 815 759 845 A.
782 815 824 846 M.
848 815 884 847 B.

369 891 427 924 91.
482 890 628 937 Brywn
656 899 858 938 aryentezmz
886 892 927 927 L.
957 914 1006 918 —
1034 892 1190 938 Schimp.
1219 892 1304 939 Syn.
1331 904 1365 938 Ρ.
1393 893 1475 927 369.
1503 914 1553 917 —
1577 891 1636 926 ΒΓ.
1657 902 1728 926 eur.
1749 892 1819 926 tab.
1841 892 1924 926 384.
1947 913 1992 918 —-

532 948 670 983 Hartm.
702 949 756 984 Fl.
786 950 840 984 ed.
872 952 908 995 9,
938 963 970 997 p.
1001 953 1058 986 34.

514 1023 565 1054 Ad
599 1028 715 1056 terram
749 1030 799 1056 sat
833 1036 944 1066 parce,
982 1037 1010 1057 v.
1042 1036 1067 1057 0.
1103 1026 1311 1066 Strandtorps
1347 1026 1426 1056 brun
1462 1025 1612 1066 paroeeviae
1652 1024 1849 1064 Repplinge,
1891 1023 1991 1054 Hom.

366 1075 453 1105 Loco
477 1075 575 1114 priori
600 1077 736 1107 occurrit
759 1088 826 1107 var.
852 1087 869 1114 y
893 1078 1038 1107 lanatum
1063 1077 1203 1117 Schimp.
1229 1077 1307 1117 Syn.
1333 1087 1364 1117 p.
1389 1077 1461 1107 370.
1486 1094 1525 1097 —
1549 1076 1589 1106 M.
1613 1075 1650 1106 Β.

368 1154 425 1187 92.
483 1152 627 1199 Bryzcm
661 1153 828 1199 capillare
863 1153 978 1198 (Dill.)
1014 1153 1055 1188 L.
1085 1175 1135 1179 —
1167 1153 1323 1201 Schimp.
1357 1153 1441 1200 Syn.
1474 1165 1508 1200 Ρ.
1542 1154 1625 1188 370.
1654 1174 1703 1178 -
1730 1152 1789 1186 Br.
1824 1162 1895 1186 eur.
1923 1151 1993 1186 tab.

533 1212 622 1253 368,
654 1212 735 1247 369,
764 1234 814 1237 —
838 1210 977 1245 Hartm.
1006 1212 1061 1246 Fl.
1090 1211 1144 1246 ed.
1175 1214 1211 1256 9,
1240 1225 1273 1259 Ρ.
1304 1214 1361 1247 34.

517 1285 568 1316 Ad
592 1295 688 1325 rupes
713 1287 892 1326 calcareas,
917 1286 959 1317 ad
983 1290 1115 1327 terram,
1141 1288 1230 1328 ligna
1253 1287 1382 1329 putrida
1406 1291 1465 1318 010.
1491 1287 1597 1318 multis
1621 1287 1714 1327 locis,
1739 1287 1926 1328 plerumque
1942 1288 1990 1316 ta-

365 1347 438 1368 men
473 1337 597 1376 sterile,
627 1347 655 1367 v.
682 1346 708 1367 0.
739 1336 880 1378 Ottenby
907 1338 939 1368 in
968 1337 1075 1378 horto,
1107 1338 1341 1379 Ottenbylund,
1373 1339 1489 1378 Tveta,
1520 1338 1647 1369 Saxnas
1671 1338 1704 1369 in
1728 1338 1811 1368 silva
1833 1336 1991 1374 abietina,

364 1389 447 1419 111101·
470 1387 598 1418 Saxniis
624 1390 655 1418 et
678 1387 827 1426 Rohalla,
852 1388 935 1418 inter
960 1388 1053 1419 Stora
1077 1389 1142 1419 Rtjr
1165 1393 1196 1419 01
1219 1390 1326 1429 Ralla,
1359 1389 1550 1429 Borgholms
1575 1388 1812 1427 slottsbranter,
1842 1387 1992 1427 Kopings

364 1439 508 1479 branter,
533 1438 637 1478 Horu,
663 1437 756 1469 B'Oda
781 1448 881 1479 prope
905 1440 1056 1479 templum
1080 1440 1112 1470 in
1136 1440 1219 1470 alnis
1242 1440 1377 1471 vetustis
1396 1440 1489 1481 juxta
1513 1439 1664 1480 rivulum,
1689 1439 1781 1470 Bada
1804 1437 1992 1478 kronopark

364 1490 396 1520 in
420 1489 684 1528 Bogateskogen.
739 1491 815 1520 Var.
840 1491 860 1529 β
882 1491 1087 1529 cuspidatzwn
1109 1489 1265 1531 (Sohimp.
1289 1491 1366 1532 Syn.
1390 1501 1422 1531 p.
1446 1491 1525 1531 371)
1549 1489 1634 1530 quod
1658 1490 1755 1520 multo
1778 1489 1908 1530 parcius
1926 1491 1991 1527 est,

365 1540 481 1571 crescit
504 1540 536 1570 in
559 1539 750 1579 Borgholms
775 1539 1008 1571 slottsbranter.
1061 1542 1137 1572 Var.
1163 1542 1179 1577 ζ
1200 1542 1358 1572 Ferclaelii
1381 1541 1535 1582 (Schimp.
1560 1541 1637 1582 Syn.
1662 1551 1692 1581 p.
1717 1541 1797 1581 372)
1821 1539 1864 1571 ad
1879 1542 1990 1580 petras

365 1593 396 1621 et
418 1600 515 1630 rupes
539 1591 705 1621 calcareas
729 1590 872 1631 pluribus
898 1591 976 1622 locis
1000 1592 1072 1622 laete
1096 1591 1197 1632 viget,
1224 1602 1251 1622 v.
1278 1602 1303 1623 0.
1327 1593 1445 1623 3051110
1471 1593 1576 1631 alvar,
1600 1591 1643 1622 ad
1660 1601 1756 1632 rupes
1772 1593 1855 1622 inter
1871 1591 1990 1621 3051110

365 1645 396 1672 01
417 1641 603 1681 Wiekleby,
630 1642 747 1680 Tveta,
772 1641 923 1681 Ksspings
948 1641 1086 1673 branter.
1140 1644 1215 1674 Var.
1239 1644 1266 1673 θ
1288 1643 1559 1682 eoelzlearzfolz‘um
1582 1642 1737 1683 (Schimp.
1764 1641 1841 1683 Syn.
1863 1652 1894 1682 p.
1913 1641 1990 1680 372)

364 1691 500 1722 occurrit
528 1692 679 1721 varietati
709 1692 865 1722 Fercheliz·
894 1692 1070 1723 immixtum
1099 1693 1132 1723 in
1162 1694 1310 1734 Kopings
1341 1693 1484 1733 branter,
1510 1696 1541 1723 01
1564 1693 1665 1724 forma
1688 1696 1873 1724 monstrosa
1896 1691 1990 1733 hujus

364 1742 530 1773 varietatis
559 1751 632 1772 esse
668 1741 802 1772 videtur.
853 1743 1011 1783 Perpauei
1046 1743 1165 1775 surculi
1199 1745 1368 1775 varietatis
1401 1744 1631 1783 cochlearz'foliz'
1659 1743 1821 1774 observati
1849 1745 1922 1773 sunt
1950 1760 1992 1764 ——

365 1802 391 1823 0.
415 1792 450 1823 fr.
474 1811 517 1814 -
539 1792 577 1822 A.
601 1792 642 1822 M.
667 1792 702 1822 B.

516 1851 632 1881 Planta
664 1850 779 1880 eximie
810 1851 984 1882 variabilis.
1038 1853 1112 1882 Var.
1143 1853 1159 1888 ζ
1186 1853 1343 1882 Ferolzelz‘i
1371 1852 1478 1892 quoad
1508 1852 1650 1883 habitum
1683 1862 1702 1883 a
1731 1853 1832 1883 forma
1856 1851 1991 1882 normali

364 1902 461 1932 multo
485 1901 614 1932 aberrat
637 1904 669 1931 01
691 1900 794 1931 forma
819 1901 965 1932 foliorum
989 1902 1119 1933 diversa
1143 1905 1175 1933 01
1198 1903 1304 1933 colore
1327 1903 1460 1934 obscuro
1485 1904 1630 1934 olivaceo
1656 1903 1725 1933 sine
1749 1903 1860 1933 nitore.

366 1988 423 2021 93.
478 1986 619 2032 Bryum
643 1986 983 2033 pseudotriquetrum
1012 1986 1087 2032 (H.)
1115 2008 1163 2012 —
1193 1986 1349 2033 Schimp.
1378 1987 1462 2034 Syn.
1492 2000 1525 2034 Ρ.
1549 1989 1631 2023 375.
1659 2010 1709 2014 —
1735 1988 1794 2023 ΒΓ.
1821 1998 1892 2022 eur.
1920 1986 1992 2021 tab.

532 2046 614 2079 364.
642 2044 857 2101 —x—Hartm.
884 2044 939 2079 Fl.
969 2044 1023 2079 ed.
1054 2046 1090 2089 9,
1119 2057 1152 2091 Ρ.
1183 2046 1240 2080 31.

513 2120 564 2151 Ad
587 2124 704 2151 terram
728 2120 890 2150 humidam
910 2120 1003 2161 juxta
1027 2120 1146 2151 rivulos
1170 2120 1311 2160 pluribus
1336 2121 1431 2162 locis,
1458 2131 1486 2152 v.
1510 2131 1537 2152 0.
1562 2122 1679 2158 Tveta,
1705 2122 1788 2153 inter
1811 2121 1906 2153 Stora
1924 2121 1990 2151 3ὃι·

364 2174 396 2202 01
419 2171 525 2211 Ralla,
550 2171 723 2211 Borgholm
744 2189 787 2193 —
810 2181 836 2202 0.
860 2171 897 2201 fr.
923 2189 961 2193 —-
985 2171 1026 2201 M.

366 2251 423 2284 94.
477 2248 621 2295 Bryum
647 2246 889 2282 Neoclamense
915 2247 1039 2292 Itzigs.
1071 2269 1114 2273 —
1144 2247 1191 2282 K.
1219 2247 1317 2282 Miill.
1342 2247 1426 2294 Syn.
1447 2259 1557 2284 muso.
1577 2249 1608 2295 I,
1629 2261 1662 2295 p.
1684 2251 1767 2284 258.
1786 2271 1837 2275 -—
1855 2249 1991 2295 Bryum

529 2305 876 2353 pseudotriquetrum
910 2317 983 2340 var.
1012 2299 1035 2340 ὃ
1063 2305 1266 2340 cavifoliun]
1297 2305 1453 2352 Schimp.
1485 2306 1570 2353 Syn.
1598 2320 1632 2354 p.
1663 2309 1744 2343 376.
1773 2329 1825 2335 -—
1851 2307 1991 2342 Hartm.

529 2364 585 2399 Fl.
615 2363 668 2398 ed.
697 2364 735 2407 9,
764 2374 798 2409 Ρ.
828 2364 885 2398 32.

514 2440 610 2471 Locis
633 2438 771 2469 humidis
796 2438 828 2469 in
851 2438 1006 2478 Alvaren,
1032 2438 1084 2468 ubi
1108 2441 1200 2478 petra
1225 2439 1374 2469 calearea
1397 2439 1534 2485 obdaeta
1558 2443 1608 2471 est
1635 2441 1723 2472 tenui
1752 2444 1859 2474 crusta
1884 2444 1986 2485 humi,

364 2490 506 2530 pluribus
539 2490 617 2521 locis
649 2492 680 2519 at
710 2489 892 2529 dispersum
921 2492 952 2519 et
975 2489 1160 2529 plerumque
1184 2490 1328 2530 parcius,
1354 2500 1383 2521 v.
1408 2499 1433 2520 0.
1458 2486 1526 2520 Ᾱ115
1551 2492 1654 2532 alvar,
1680 2492 1799 2524 Resmo
1824 2495 1930 2538 alvar,
1954 2498 1988 2529 in

366 2540 486 2580 eampis
510 2540 592 2570 inter
616 2540 768 2580 templum
793 2539 999 2570 Thorslunda
1022 2543 1054 2570 01
1076 2540 1192 2580 Tveta,
1219 2540 1325 2571 Horns
1350 2540 1450 2572 alvar.
1474 2560 1515 2564 »ἡ
1538 2541 1576 2571 Α.
1600 2542 1641 2572 Μ.
1666 2543 1701 2573 B.
