2134 3034
438 232 484 266 32
994 227 1028 263 J.
1057 228 1099 263 E.
1129 227 1409 273 ZETTERSTEDT‚

535 329 585 360 Ad
621 332 736 359 terram
768 327 931 369 praecipue
964 328 995 358 in
1024 328 1103 359 locis
1134 328 1307 365 umbrosis,
1338 336 1573 366 nonnumquam
1604 326 1645 357 ad
1675 326 1802 367 lapides
1834 331 1865 358 et
1888 327 2016 359 radices

386 381 550 419 arborum,
576 380 684 410 inultis
709 380 788 410 locis
813 382 847 409 at
870 388 941 410 raro
968 379 1177 418 fructificans,
1204 389 1232 410 v.
1257 389 1282 409 c.
1308 378 1536 419 Fkirjestaden,
1568 378 1671 408 Tveta
1695 378 1789 418 park,
1815 378 1897 409 inter
1922 378 2018 410 Stora

386 432 451 462 Βϋι·
479 434 510 462 et
534 431 646 468 Ralla,
671 430 864 470 Borgholms
890 430 1112 461 slottsbranter
1137 434 1167 461 et
1190 430 1221 460 in
1246 430 1405 469 qucrcctis
1424 429 1507 459 infra
1524 438 1645 468 arcem,
1664 427 1756 459 Beda
1774 428 1959 469 kronopark
1975 448 2016 451 —

386 492 411 513 e.
437 483 472 513 fr.
497 501 538 504 -
561 482 602 512 M.
627 481 662 512 B.

389 559 468 594 156.
525 558 798 605 Em‘lzgsnclzfium
823 558 1042 606 prselonfyum
1071 558 1141 603 (L.)
1166 580 1215 582 —
1243 557 1397 603 Schimp.
1428 557 1509 603 Syn.
1540 568 1572 602 p.
1602 557 1684 592 559.
1705 578 1755 581 —
1773 556 1832 593 ΒΓ.
1854 567 1924 592 cur.
1944 556 2016 593 tab.

575 618 649 651 524
671 621 707 651 et
730 618 802 651 525
827 616 994 664 (partim).
1014 639 1064 642 —
1082 616 1252 663 Hypnum
1274 616 1498 662 praelongum
1528 615 1665 652 Hartm.
1694 615 1749 651 Fl.
1780 615 1833 654 ed.
1864 616 1900 657 9,
1921 627 1954 661 p.
1983 616 2015 651 3.

535 692 585 723 Ad
612 696 729 723 terram
753 697 803 724 sat
827 694 960 733 vulgare
984 702 1041 733 per
1064 696 1161 723 totam
1187 691 1379 723 Oelandiam
1407 692 1446 723 ab
1471 691 1688 732 Ottenbylund
1718 691 1760 722 ad
1784 690 1876 722 Beda
1898 691 2015 722 krono-

384 743 481 784 park,
513 743 572 774 sed
600 745 763 785 praecipue
794 744 927 784 vulgare
958 744 1044 774 circa
1071 743 1258 783 Borgholm,
1286 743 1338 774 ubi
1367 743 1463 773 etiam
1496 753 1567 773 raro
1591 742 1770 773 fructificat.
1796 761 1836 764 —
1860 752 1886 773 c.
1912 743 1948 773 fr.
1973 761 2015 764 —

536 846 639 877 Valde
668 846 771 877 variat
800 854 884 876 nunc
908 845 1064 884 crassius,
1090 844 1172 874 foliis
1194 844 1268 875 latis
1303 843 1426 874 caulem
1458 843 1724 883 amplectentibus
1756 844 1882 883 (forma
1909 845 2016 885 major

385 897 563 938 latifolia),
594 907 677 928 nunc
707 901 771 928 tam
799 900 894 927 tenue
924 899 955 926 et
986 895 1120 935 gracile,
1150 899 1184 925 ut
1214 894 1256 925 ad
1288 896 1513 933 Eurynclcium
1538 895 1700 934 pamilum
1729 894 1863 925 accedat
1889 894 2014 934 (forma

383 949 523 989 minor),
547 958 631 979 nunc
654 948 737 980 foliis
762 947 909 978 distichis
936 948 1061 987 (forma
1083 948 1255 986 disticha),
1280 955 1349 986 quae
1372 945 1473 976 forma
1500 945 1662 986 praecipue
1679 946 1710 976 in
1728 945 1891 986 speluncis
1908 948 1940 976 et
1956 945 2014 976 sub

385 1001 473 1031 saxis
498 1000 667 1031 invenitur.

387 1071 469 1104 157.
523 1067 796 1116 Eurlzynchz'um
826 1066 972 1101 Stolcesz'z'
998 1065 1137 1111 (Turn.)
1163 1087 1213 1090 —
1242 1064 1396 1111 Schimp.
1426 1064 1509 1111 Syn.
1537 1076 1570 1111 p.
1600 1066 1683 1101 562.
1702 1088 1752 1090 —
1771 1065 1829 1101 ΒΓ.
1850 1076 1922 1102 eur.
1941 1065 2013 1100 tab.

577 1128 660 1162 526.
688 1148 738 1151 —
765 1125 934 1172 Hypnum
965 1123 1124 1159 Stokesii
1150 1123 1289 1159 Hal-tm.
1317 1123 1371 1159 Fl.
1402 1122 1455 1159 ed.
1486 1125 1524 1169 9,
1553 1135 1585 1170 p.
1615 1125 1647 1158 ὃ.

534 1196 586 1227 Ad
610 1200 726 1226 terram
751 1204 848 1235 parce
876 1198 1036 1234 repertum
1060 1193 1092 1224 in
1118 1191 1345 1233 Ottenbylund.
1371 1211 1410 1215 —
1434 1193 1471 1224 A.

387 1266 467 1301 158.
522 1264 842 1311 Rhynclzosteyimn
874 1262 1036 1297 tenellum
1064 1261 1221 1310 (Dicks.)
1250 1283 1300 1286 —
1328 1261 1484 1307 Schimp.
1513 1261 1597 1308 Syn.
1621 1273 1654 1308 p.
1685 1263 1768 1298 565.
1788 1284 1838 1287 —-
1862 1262 1921 1298 ΒΓ.
1941 1274 2013 1300 eur.

573 1323 642 1358 tab.
672 1323 754 1359 508.
784 1344 834 1347 ›—
860 1321 1032 1367 Hypnum
1056 1320 1226 1356 tenellum
1253 1319 1392 1355 Hartm.
1419 1319 1475 1355 Fl.
1506 1320 1560 1355 ed.
1591 1322 1626 1365 97
1655 1332 1688 1366 p.
1721 1322 1776 1357 12.

534 1395 571 1426 In
597 1395 760 1435 speluncis
788 1398 819 1425 et
841 1394 966 1425 fissuris
991 1395 1113 1435 rupium
1130 1395 1348 1425 calcarearum
1366 1404 1446 1425 raro.
1492 1394 1529 1424 In
1546 1393 1776 1434 Landtborgcn
1792 1394 1875 1425 inter
1892 1395 2012 1426 Resmo

384 1449 416 1477 et
439 1446 611 1487 Wickleby
639 1445 733 1477 valde
758 1455 870 1486 parce3
901 1446 932 1476 in
956 1446 1107 1486 K'cpings
1132 1445 1262 1476 branter
1285 1444 1427 1485 pluribus
1452 1445 1530 1475 locis
1554 1463 1596 1466 —
1619 1454 1645 1475 c.
1670 1444 1706 1476 fr.
1732 1464 1772 1467 ——
1795 1445 1833 1477 A.
1857 1445 1899 1477 M.

386 1526 467 1561 159.
522 1523 840 1571 RIzynclzosteqimn
876 1522 1074 1570 depressum
1111 1522 1268 1569 (Bruch.)
1299 1543 1350 1547 —
1384 1521 1538 1568 Schinq).
1575 1522 1657 1569 Syn.
1694 1534 1726 1569 p.
1764 1523 1846 1559 567.
1874 1545 1925 1548 -—
1951 1522 2012 1558 Br.

578 1593 649 1617 eur.
674 1582 743 1616 tab.
773 1582 856 1616 512.
884 1603 935 1606 -—
961 1580 1131 1627 Hypnum
1161 1580 1372 1629 depressum
1397 1580 1536 1615 Hartm.
1563 1580 1618 1616 Fl.
1648 1580 1702 1615 ed.
1731 1583 1767 1625 9,
1795 1593 1830 1627 p.
1864 1582 1920 1616 12.

534 1653 570 1684 In
595 1652 753 1683 umbrosis
778 1651 820 1683 ad
844 1651 969 1693 lapides
996 1655 1028 1682 et
1052 1661 1132 1684 saxa
1155 1652 1187 1682 in
1211 1651 1402 1692 Borgholms
1421 1652 1643 1683 slottsbranter
1666 1660 1773 1693 parce.
1796 1671 1837 1674 —
1861 1652 1901 1683 M.

387 1731 468 1765 160.
522 1729 841 1776 Rlzynclwsteyz'um
874 1729 1172 1776 meyapolimnum
1206 1727 1361 1775 (Bland.)
1395 1750 1445 1753 ——
1480 1728 1635 1774 Schimp.
1673 1728 1756 1775 Syn.
1785 1739 1818 1774 p.
1852 1729 1934 1764 569.
1962 1750 2014 1754 —-

574 1788 634 1822 ΒΓ.
663 1798 735 1822 eur.
762 1787 833 1822 tab.
861 1788 944 1822 511.

535 1863 587 1894 Ad
611 1866 728 1893 terram
748 1872 820 1893 raro
846 1865 877 1893 et
903 1866 1023 1893 tantum
1049 1866 1209 1903 repertum
1234 1862 1266 1893 in
1294 1861 1526 1903 Ottenbylund,
1552 1862 1603 1893 ubi
1627 1863 1737 1903 paucis
1762 1862 1841 1893 locis
1866 1866 1917 1893 sat
1939 1863 2012 1894 laete

384 1915 472 1955 viget
495 1933 535 1937 —
560 1924 586 1945 e.
611 1914 647 1945 fr.
672 1933 713 1936 —
736 1914 773 1944 A.

386 1986 468 2019 161.
523 1983 842 2030 Rhynchostegyz'nm
869 1982 1006 2016 murale
1035 1981 1108 2030 (H.)
1137 2004 1186 2007 —
1215 1981 1372 2027 Schilnp.
1401 1981 1485 2028 Syn.
1512 1993 1546 2028 p.
1574 1983 1657 2018 571.
1690 2004 1736 2006 —
1763 1981 1821 2017 ΒΓ.
1842 1992 1914 2017 eur.
1939 1983 2012 2018 tab.

577 2042 660 2076 514.
688 2063 737 2065 —
765 2040 935 2087 Hypnum
963 2041 1099 2075 murale
1126 2040 1265 2075 Hartm.
1293 2040 1349 2075 Fl.
1376 2039 1431 2077 ed.
1461 2041 1498 2080 9,
1526 2052 1559 2086 p.
1590 2042 1620 2074 7.

535 2113 572 2144 In
596 2111 754 2142 umbrosis
780 2110 821 2141 ad
845 2111 972 2152 lapides
997 2115 1028 2142 et
1050 2111 1177 2141 radices
1203 2111 1347 2142 arborum
1371 2121 1443 2141 raro
1467 2115 1498 2142 et
1522 2114 1643 2142 tantum
1667 2114 1829 2152 repertum
1856 2112 1888 2143 in
1911 2113 2011 2153 Borg-

383 2166 486 2197 holms
511 2164 735 2195 slottsbranter
758 2172 855 2203 parce
879 2180 919 2184 —
944 2171 969 2192 c.
994 2162 1030 2193 fr.
1056 2180 1095 2184 —
1119 2162 1162 2192 M.

387 2245 467 2279 162,
521 2240 840 2288 Rhynchosteyizmz
866 2239 1069 2286 2²zcscffoo·›7ze
1096 2237 1237 2286 (Weis.)
1266 2261 1316 2264 —
1344 2238 1498 2284 Schimp.
1527 2238 1611 2285 Syn.
1632 2250 1665 2284 p.
1687 2240 1770 2275 572.
1790 2261 1840 2264 —-
1858 2239 1917 2275 ΒΓ.
1938 2251 2010 2276 eur.

575 2300 646 2334 tab.
676 2300 765 2341 515.
796 2299 878 2333 516.
907 2319 957 2322 ——-
982 2296 1153 2343 Hypnum
1183 2297 1402 2332 ruscifolium
1429 2296 1568 2332 Hartm.
1597 2297 1652 2333 Fl.
1681 2296 1735 2333 ed.
1766 2298 1804 2342 9,
1833 2308 1866 2343 p.
1898 2299 1929 2333 6.

534 2372 585 2403 Ad
610 2381 690 2403 saxa
711 2371 842 2402 humida
866 2381 937 2402 raro
961 2374 993 2402 et
1014 2374 1136 2402 tantum
1159 2370 1322 2401 inventum
1340 2370 1373 2400 in
1389 2370 1538 2410 Kijpings
1556 2369 1685 2401 branter
1701 2369 1743 2400 ad
1759 2369 1894 2401 rivulum
1910 2368 2011 2411 p'rope

383 2424 551 2465 templum,
576 2423 628 2455 ubi
652 2423 780 2464 copiose
802 2423 899 2462 viget.
925 2440 965 2444 ——
989 2422 1029 2453 M.

386 2503 467 2537 163.
527 2500 740 2535 Thamm'um
777 2501 1000 2547 alopecurum
1028 2499 1099 2547 (L.)
1125 2521 1175 2524 —
1203 2498 1357 2544 Sehimp.
1387 2498 1470 2545 Syn.
1498 2509 1532 2543 p.
1565 2498 1648 2533 574.
1676 2519 1726 2522 ——
1753 2496 1812 2533 ΒΓ.
1841 2507 1912 2532 eur.
1938 2496 2011 2532 tab.

577 2560 660 2595 518.
687 2581 736 2584 —
763 2558 934 2606 Hypnum
962 2558 1190 2604 alcpccurum
1218 2556 1356 2592 Hartm.
1383 2556 1438 2592 Fl.
1467 2555 1522 2592 ed.
1552 2557 1589 2599 9,
1615 2567 1648 2601 p.
1675 2556 1707 2590 5.
