2134 3034
448 216 468 249 8
1008 210 1042 246 J.
1070 211 1113 246 E.
1142 211 1420 256 ZE‘rrERerDr‚

548 312 863 349 Enumerationem
897 320 1099 348 inuseorum
1135 312 1325 348 Oelandiae
1350 313 1522 357 reddens,
1559 317 1594 348 et
1621 313 1782 349 ordinem
1811 318 1846 349 et
1880 325 2026 349 nomen-

395 374 568 409 claturam
594 375 738 407 secutus
768 383 846 406 sum
875 371 1085 418 Synopseos
1120 384 1322 408 mnsoornm
1360 382 1607 418 europaeorum
1642 384 1663 408 a
1698 372 1885 419 Sehimper
1918 372 2025 408 editae

395 433 513 481 quoad
547 432 687 467 Muscas
708 431 914 477 frondosos³
950 434 985 464 et
1020 429 1202 477 Synopsin
1231 431 1488 477 Hepaticarnm
1516 443 1538 466 a
1566 431 1758 476 Grottsehe⁷
1791 431 2028 478 Lindenberg

395 497 429 528 et
462 492 560 527 Nees
594 503 665 526 von
699 489 895 525 Esenbeok
924 488 1057 524 editam
1086 490 1203 536 quoad
1232 490 1437 537 Hepaticas.
1495 489 1672 534 Quoniam
1700 491 1775 525 fere
1804 490 1891 525 nihil
1919 494 2027 526 antea

395 552 439 587 de
474 551 703 597 vegetatione
745 560 947 584 museornm
987 547 1177 584 Oelandiae
1210 560 1228 584 e
1262 550 1363 596 prelo
1403 549 1549 596 prodiit,
1594 549 1901 595 explorationibus
1936 549 2026 585 meis

394 615 521 646 aestate
554 611 647 645 1867
678 607 848 643 institutis
877 607 1099 643 solummodo
1127 608 1270 643 innixus
1296 620 1384 643 snm.
1440 608 1540 652 Quas
1561 608 1826 654 explorationes
1846 619 1934 643 sane
1954 612 2028 643 tam

394 670 654 717 amplectentes
689 671 723 702 et
757 670 945 702 accuratas
973 666 1110 702 institui
1136 678 1242 712 quam
1270 667 1383 714 potui7
1414 667 1493 713 sed,
1524 667 1604 702 aliis
1632 667 1730 702 vitiis
1758 666 1901 702 silentio
1933 678 2027 713 pree-

393 729 524 772 teriffls,
553 727 734 774 praeeipue
761 726 987 772 ineompletae
1015 730 1112 769 sunt,
1143 726 1174 761 si
1201 737 1344 761 muscos
1371 727 1539 761 vernales
1567 726 1760 772 respicias,
1790 725 1873 771 quia
1899 737 2024 762 neees-

394 789 499 824 sitate
534 791 679 822 coaetus
713 796 783 820 non
815 785 914 831 prius
950 796 1056 830 quam
1090 784 1147 819 die
1183 786 1227 819 18
1256 784 1354 820 Junii
1389 785 1425 819 in
1459 784 1674 821 Oelandiam
1706 785 1798 820 veni.
1854 784 2023 820 Ceterum

392 848 472 894 ipse
499 846 575 891 legi
603 855 727 880 omnes
755 843 847 878 infra
875 847 1101 878 enumeratas
1128 844 1285 890 speeies,
1316 846 1335 879 6
1366 844 1543 890 exeeptis3
1575 848 1610 879 et
1637 855 1743 890 quum
1771 843 1930 891 plantam
1951 855 2022 880 non

392 906 467 952 legi
495 906 530 940 in
556 905 635 940 loco
664 902 818 950 quodam
847 902 972 945 natali,
1002 902 1222 937 inventorem
1252 913 1395 949 semper
1421 903 1534 937 attuli.

392 1043 558 1074 inventore
593 1040 669 1071 mihi
704 1039 843 1078 benigne
878 1037 1124 1076 communicata,
1161 1036 1203 1068 ad
1240 1039 1529 1077 szfflermanniam
1566 1039 1734 1069 Franciscz‘
1760 1048 1822 1069 non
1853 1039 2024 1080 pertinent.

395 1093 548 1125 Gottsohe
573 1092 687 1122 dieitur
715 1091 784 1121 haee
813 1090 990 1130 specimina
1014 1088 1056 1119 acl
1081 1090 1371 1128 Jem‘qermanm'am
1395 1091 1552 1129 plicatam
1575 1089 1746 1120 referenda
1769 1099 1920 1131 eensere3
1945 1089 2022 1120 mihi

394 1154 469 1175 vero
494 1143 608 1174 eadem
633 1153 689 1183 pro
714 1142 816 1173 forma
841 1141 1104 1180 Jcmgyermanm'ce
1128 1141 1246 1181 inflatae
1270 1140 1420 1171 habenda
1444 1140 1601 1172 videntur.
