2134 3034
553 151 784 187 PRoonomus
811 152 1101 188 MONOGRAPHIAE
1130 152 1303 188 Gsonum.
1639 156 1684 189 15

110 261 184 288 DEL
218 252 287 288 duo
322 253 442 297 affert,
489 252 604 287 Geum
636 254 907 299 mustellauicum
941 258 976 288 et
1016 253 1060 289 G.
1093 255 1335 301 pao-visiorum.
1396 255 1546 290 Hookcr
1580 256 1613 291 in
1648 255 1737 291 flora

111 311 320 347 Antarctica
347 317 420 347 tres
449 311 642 357 descripsit
670 312 827 358 specics:
862 313 906 348 G.
933 314 1142 360 albisiorum,
1176 314 1218 348 G.
1248 315 1518 361 maffellam'cum
1546 319 1580 349 et
1613 314 1657 350 G.
1684 315 1736 349 in-

110 371 329 405 volneratum
357 373 416 417 (=
445 369 490 406 G.
520 369 750 417 parvifloruni
779 371 929 418 Hook.),
960 383 1106 418 quorum
1136 372 1179 407 G.
1209 373 1408 408 albiflorum
1445 373 1512 409 nisi
1547 373 1582 408 in
1611 374 1737 409 insulis

112 429 210 464 Lord
238 429 457 465 Aucklandii
484 441 554 464 non
582 429 723 475 legitur.
777 430 884 466 Patet
910 432 1034 477 igitur,
1064 432 1205 478 species
1233 432 1451 467 antarcticas
1484 443 1566 468 0550
1595 432 1737 478 paucio-

111 500 171 524 res
200 500 305 535 (1113111
333 489 502 531 31011035,
534 500 681 534 quarum
711 500 877 525 numerus
906 490 1066 536 multiplo
1095 492 1209 536 major
1235 496 1299 526 est.

265 548 431 594 Denique
465 559 611 582 numero
649 548 867 594 specierum,
904 560 983 594 quae
1011 549 1047 584 in
1073 549 1327 596 hemispliaerio
1355 550 1492 585 boreali
1528 554 1563 584 ct
1590 550 1738 585 australi

111 607 290 650 habitant,
317 612 538 653 comparato,
567 606 783 651 invenimus,
815 609 860 642 3ss
891 610 968 653 (40)
995 609 1137 654 species
1166 608 1201 643 111
1229 609 1367 644 boreali
1390 609 1504 643 lectas
1534 620 1632 651 esse,
1661 613 1737 644 tan-

110 670 183 701 tum
214 668 233 701 6
264 668 316 712 (S)
345 666 380 701 in
406 665 570 709 australi,
595 676 662 700 nec
693 666 814 712 plures
842 667 980 712 utrique
1007 667 1259 713 hemisphaerio
1286 679 1368 703 esse
1397 679 1603 703 communes
1632 679 1738 713 quam

112 724 157 761 G.
185 725 481 771 magellanicum,
511 735 580 770 quo
608 724 706 759 nulla
732 725 932 771 specierum
960 726 1202 773 hemisphaerii
1230 727 1398 762 australis
1423 726 1528 762 latius
1549 726 1739 763 distributa

111 788 181 829 est,
212 786 261 830 (et
287 784 438 819 forsitan
467 782 512 819 G.
542 783 729 830 strictum).
784 784 976 820 Probabile
999 785 1104 820 etiam
1128 785 1284 831 videtur,
1308 786 1391 821 illas
1419 788 1442 821 4
1471 785 1629 832 species,
1654 798 1738 832 qua-

109 854 187 878 rum
216 842 367 889 patriam
402 843 626 889 ignoramus,
657 843 691 877 in
719 843 855 878 borcali
881 843 1125 890 hemisphaerii
1153 845 1265 880 lectas
1295 856 1386 880 esse.

264 901 322 937 De
356 903 526 938 universa
561 901 810 937 distributione
849 903 1098 949 geographica
1131 903 1376 939 Rosacearum
1411 903 1537 938 videas
1567 903 1738 939 disserta-

110 961 261 1004 tionem,
300 973 404 1008 quam
437 961 484 996 M.
515 961 556 996 L.
591 961 870 997 FRANKENHEIM
904 962 940 997 in
972 962 1125 998 Linnaea
1156 962 1265 998 XVII
1293 964 1437 1009 (1843),
1474 974 1506 1009 p.
1537 964 1737 998 549—5136

110 1021 308 1068 proposuit.

705 1163 952 1201 GEORUM
992 1165 1149 1203 Usrjs

264 1260 346 1295 Duo
375 1259 558 1306 praecipue
588 1264 671 1295 sunt
700 1259 798 1304 Gea,
829 1260 956 1306 quibus
983 1260 1113 1295 medici
1139 1260 1196 1296 usi
1223 1265 1319 1305 511111,
1359 1261 1473 1296 Geum
1500 1261 1676 1296 urbanum
1704 1264 1740 1296 et

115 1319 160 1356 G.
188 1320 306 1355 rivale.
359 1318 558 1365 Utriusque
585 1319 681 1354 vires
709 1324 791 1354 sunt
819 1319 1103 1365 adstringentes,
1133 1320 1273 1355 tonicae.
1327 1320 1446 1355 Radix
1475 1320 1519 1356 G.
1548 1320 1674 1355 urbani
1695 1331 1740 1355 ex

109 1379 190 1415 0100
218 1379 392 1422 aethereo,
422 1378 598 1425 principio
628 1378 892 1424 adstringente,
919 1390 1056 1423 amaro,
1078 1390 1264 1424 gummoso
1285 1384 1320 1414 et
1337 1379 1501 1415 resinoso
1521 1379 1591 1414 vim
1611 1379 1741 1426 repetit

109 1439 339 1474 roborantem
366 1438 471 1473 simul
499 1444 534 1473 et
562 1438 818 1482 stimulantem,
846 1442 1031 1483 utramque
1064 1438 1285 1473 moderatam
1313 1438 1473 1484 quidem,
1504 1437 1568 1473 sed
1597 1439 1739 1484 qualem

109 1497 201 1543 aegri
234 1497 481 1533 sensibiliores
516 1497 733 1533 desiderant.
788 1496 834 1533 G.
871 1497 997 1533 rivalis
1028 1497 1133 1533 radix
1169 1509 1293 1532 amara
1326 1501 1362 1532 et
1394 1496 1625 1543 adstringens
1660 1509 1739 1533 aro-

110 1560 205 1592 mate
233 1561 341 1592 caret.

265 1616 405 1652 Praeter
439 1614 484 1651 G.
513 1616 687 1652 urbanum
722 1620 757 1651 et
792 1615 837 1652 G.
866 1616 980 1651 rivale
1010 1615 1046 1650 in
1073 1626 1141 1650 usu
1168 1618 1251 1650 sunt
1278 1614 1346 1650 duo
1375 1615 1447 1650 alia
1475 1613 1566 1651 Gea.
1625 1615 1740 1651 Geum

108 1677 352 1724 viryim'anum
385 1675 535 1711 medicis
570 1675 855 1711 transatlanticis
895 1675 1189 1722 Caryophyllatae
1223 1674 1302 1709 1000
1337 1677 1400 1708 051.
1459 1673 1635 1710 Radicem
1673 1675 1742 1710 Gez'

109 1735 273 1771 montani
306 1734 472 1782 alpicolae
506 1734 630 1770 rustici
663 1746 728 1781 pro
765 1733 810 1770 G.
837 1734 974 1769 urbano
1009 1734 1179 1770 adbibere
1214 1733 1387 1770 dicuntur.
1447 1733 1583 1769 Horum
1619 1738 1738 1769 tamen

108 1796 189 1831 laus
217 1795 327 1830 multo
354 1794 470 1830 minor
498 1805 604 1841 quam
638 1794 681 1830 G.
710 1794 840 1829 urbemi
864 1798 899 1828 et
929 1793 973 1828 G.
1001 1794 1131 1828 rivalis.

263 1853 348 1890 <Iam
375 1854 507 1889 Patres
534 1853 788 1889 Botanicorum
815 1852 966 1888 virtutes
994 1851 1154 1888 Georum
1182 1851 1383 1896 celebrant,
1419 1855 1457 1886 ut
1490 1850 1740 1887 HIERONYMUS

109 1914 235 1959 BOOK,
263 1914 374 1959 vulgo
401 1913 604 1960 appellatus
629 1912 801 1955 TRAGUS,
829 1911 866 1947 in
893 1912 1030 1947 Newen
1057 1910 1308 1946 Kreuterbucli
1339 1910 1479 1958 (1546).
1534 1910 1644 1947 ''Von
1670 1910 1739 1946 Be-

108 1973 466 2009 nedicten-Wm·zel⁷’
496 1972 636 2019 (Herba
659 1970 866 2006 benedicta:
896 1971 1110 2016 BRUNFELS)
1140 1969 1234 2016 quod
1265 1974 1321 2005 est
1347 1973 1508 2005 nostrum
1536 1968 1654 2005 Geum
1682 1980 1739 2004 ur-

109 2034 256 2078 banum,
289 2044 323 2079 p.
353 2033 502 2067 51-52
531 2035 567 2066 et
600 2030 709 2066 ”Von
737 2029 1056 2074 Waldbenedict⁷’,
1093 2029 1188 2076 quod
1216 2033 1271 2064 est
1299 2028 1416 2064 Geum
1444 2028 1573 2072 rivale,
1602 2039 1636 2074 p.
1664 2029 1738 2062 412

108 2096 232 2128 auctor
260 2091 347 2137 agit.
376 2091 522 2126 THEOD.
551 2090 961 2133 TABERNAEMONTANUS,
993 2088 1191 2135 discipulus
1215 2088 1346 2133 Tragi,
1376 2087 1521 2134 scripsit
1547 2086 1639 2122 New
1663 2086 1738 2121 vol-

109 2151 279 2187 kommen
307 2150 570 2185 Krauterbuch.
622 2149 664 2184 In
692 2160 770 2195 cap.
798 2148 890 2184 XVI
915 2148 997 2184 libri
1021 2147 1126 2194 primi
1145 2146 1290 2194 copiose
1311 2145 1511 2192 disputatur
1539 2145 1650 2181 ''Von
1670 2145 1738 2181 den

110 2209 571 2254 Benedicten-Kreutern''‚
601 2219 750 2254 quarum
778 2212 929 2254 quatuor
957 2218 1094 2254 genera
1122 2217 1204 2241 esse
1224 2205 1402 2249 dicuntur,
1424 2205 1489 2241 sed
1507 2216 1613 2240 unum
1632 2204 1739 2241 modo

110 2269 148 2305 in
173 2268 352 2304 medicina
381 2268 589 2303 adhibitum.
643 2267 793 2313 Figurae
820 2267 924 2302 trium
953 2265 1315 2313 Oaryophyllatarum
1341 2264 1476 2300 additae
1505 2268 1602 2309 511111,
1623 2264 1740 2311 prima

110 2327 228 2364 Geum
254 2328 445 2370 urbanum,
477 2326 637 2363 secunda
665 2325 710 2362 G.
739 2330 945 2361 montanum
966 2325 1180 2372 exprimens
1233 2323 1395 2359 Tertiam
1414 2324 1481 2359 rite
1501 2323 1739 2358 determinare

109 2398 181 2422 11011
205 2387 314 2434 potui.
369 2386 665 2434 Caryophyllatae
691 2385 799 2421 valde
826 2385 1017 2421 laudantur
1044 2388 1080 2419 et
1104 2386 1272 2430 putantur
1298 2382 1405 2418 utiles
1432 2382 1469 2417 111
1498 2381 1739 2428 compluribus

109 2446 253 2482 morbis.
306 2445 446 2481 Eadem
474 2446 520 2481 ab
547 2445 628 2481 aliis
652 2444 830 2480 botanicis
859 2448 893 2479 et
918 2443 1068 2478 medicis
1099 2446 1181 2477 ante
1213 2442 1402 2478 Linnaeum
1434 2440 1589 2488 repetita
1615 2441 1739 2476 forsan

110 2516 180 2541 non
208 2516 298 2552 opus
326 2504 372 2540 sit
398 2504 468 2540 1100
494 2504 573 2540 1000
599 2504 739 2539 afferre.
