2134 3034
108 835 308 925 Quaerenti
340 875 426 910 mihi
460 875 653 922 aliquando
688 876 732 911 ab
763 876 860 911 ELIA
892 876 1030 922 FRIES,
1066 876 1142 912 viro
1170 876 1426 923 illustrissimo,
1457 877 1558 923 cujus
1587 876 1732 923 generis

108 934 310 979 plantarum
337 935 632 982 monographiam
660 935 886 981 potissimum
914 935 1198 981 conscriberem,
1224 947 1339 982 genus
1367 935 1526 972 Georum
1554 947 1731 971 commen-

109 992 217 1028 davit.
271 992 371 1028 Idem
410 993 587 1039 singulari
626 994 878 1030 benevolentia
906 998 940 1030 et
969 995 1106 1039 favore,
1136 995 1263 1041 quibus
1291 1006 1356 1030 nos
1385 1006 1507 1030 omnes
1535 995 1731 1042 discipulos

109 1052 343 1099 amplectitur,
376 1053 623 1088 collectionem
655 1065 756 1089 suam
794 1052 952 1089 Georum
989 1053 1202 1089 ditissimam
1237 1058 1272 1089 et
1304 1054 1614 1100 elegantissimam
1646 1065 1730 1089 exa-

108 1111 313 1146 minandam
348 1112 435 1147 mihi
471 1112 633 1158 tradidit,
669 1112 762 1148 unde
790 1113 931 1160 species
959 1113 1034 1148 fere
1058 1124 1180 1149 omnes
1208 1113 1244 1148 in
1273 1113 1385 1148 hortis
1409 1113 1587 1149 botanicis
1615 1113 1730 1149 cultas

109 1174 217 1216 atque
258 1171 430 1217 plurimas
471 1171 632 1207 exoticas
673 1172 849 1208 lustrandi
884 1173 1027 1208 occasio
1060 1173 1145 1207 mihi
1177 1177 1233 1208 est
1265 1172 1395 1207 oblata.
1450 1171 1524 1208 Sua
1557 1183 1667 1219 opera
1695 1176 1730 1207 et

108 1229 227 1265 studio
256 1230 388 1273 effecit,
418 1235 455 1265 ut
482 1232 589 1266 etiam
620 1243 642 1266 a
669 1231 881 1278 quibusdam
909 1236 1133 1267 externarum
1153 1232 1311 1278 gentium
1335 1231 1422 1266 viris
1445 1230 1527 1267 Gea
1545 1231 1731 1267 rarissima

108 1289 194 1324 mihi
230 1289 553 1336 suppeditarentur,
606 1291 733 1337 Neque
766 1291 1038 1327 collectionibus
1067 1291 1181 1327 solum
1209 1302 1265 1326 me
1292 1290 1494 1326 sublevavit
1521 1290 1586 1326 sed
1615 1290 1731 1326 consi-

108 1348 167 1384 liis
209 1348 333 1395 etiam,
375 1360 485 1395 quare
522 1354 730 1396 pergratum
770 1350 856 1386 mihi
893 1362 981 1386 sane
1015 1354 1071 1386 est
1104 1350 1274 1396 gratiam,
1310 1361 1416 1396 quam
1442 1349 1585 1396 jamdiu
1611 1349 1729 1385 habeo

108 1407 318 1453 maximam,
346 1407 399 1443 illi
427 1408 488 1454 pia
515 1414 633 1444 mente
664 1409 809 1444 referre.

273 1467 375 1503 Illius
409 1467 520 1513 igitur
553 1479 664 1503 suasu
699 1473 734 1503 et
767 1468 976 1504 auctoritate
1005 1467 1302 1514 monographiam
1331 1466 1491 1503 Georum
1517 1478 1574 1503 me
1600 1479 1731 1515 paran-

107 1530 179 1562 tem
219 1527 280 1562 alii
323 1538 461 1573 quoque
502 1527 569 1562 viri
610 1527 802 1563 clarissimi
838 1527 1066 1574 adjuverunt,
1110 1538 1258 1573 quorum
1293 1527 1437 1562 nomina
1469 1526 1619 1562 reticere
1659 1537 1730 1562 non

109 1586 194 1622 sinit
225 1590 351 1632 gratus
385 1586 534 1622 animus.
597 1586 673 1622 Cel.
711 1587 903 1622 Professor
934 1586 989 1621 Dr
1029 1586 1072 1622 N.
1105 1585 1140 1622 J.
1172 1585 1413 1631 ANDERSSON,
1456 1585 1516 1632 qui
1549 1586 1627 1632 jam
1666 1597 1731 1633 per

110 1646 311 1692 complm·es
340 1656 453 1681 annos
480 1645 637 1681 maxima
659 1646 909 1681 benevolentia
937 1656 994 1681 me
1019 1645 1251 1692 amplectitur,
1282 1645 1529 1681 collectionem
1552 1644 1729 1690 Georum,

109 1717 215 1752 quam
249 1704 414 1751 possidet
446 1716 609 1740 museum
644 1704 815 1740 Academ.
851 1705 1080 1740 scientiarum
1115 1704 1351 1749 Holmiensis,
1392 1704 1607 1750 transmisit3
1639 1715 1731 1751 prae-

109 1770 210 1800 terea
243 1764 360 1809 libris,
396 1764 523 1810 quibus
557 1764 643 1799 mihi
678 1775 768 1810 opus
800 1764 881 1808 fuit,
914 1764 1098 1811 permultis
1127 1763 1173 1798 ad
1200 1763 1293 1799 hunc
1318 1762 1546 1810 prodromum
1575 1763 1732 1799 conscri-

110 1822 265 1859 bendum
293 1823 528 1869 necessariis,
563 1823 838 1870 suppeditandis
867 1823 936 1858 sibi
962 1834 1018 1858 me
1045 1827 1156 1858 totum
1185 1822 1352 1857 devinxit.
1407 1822 1533 1868 Neque
1561 1822 1732 1858 minorem

110 1883 225 1918 debeo
259 1883 413 1929 gratiam
447 1883 530 1918 clar.
565 1882 652 1918 viris
687 1881 763 1918 Cel.
797 1882 1004 1918 Professori
1036 1881 1115 1917 D:ri
1148 1880 1182 1917 J.
1217 1881 1351 1917 LANGE
1387 1885 1422 1916 et
1452 1881 1732 1918 Bibliotheeario

109 1943 189 1978 D:ri
223 1942 263 1977 F.
291 1941 546 1985 DIDRICHSEN,
584 1942 645 1988 qui
675 1953 732 1977 me
764 1942 951 1986 Hafniam,
982 1941 1212 1976 collectiones
1248 1939 1408 1976 Georum
1434 1946 1469 1975 et
1495 1941 1732 1978 bibliothecas

109 2000 287 2037 lustrandi
322 2012 448 2046 causa,
483 2000 689 2036 visitantem
724 2001 881 2047 amplexi
914 2004 996 2036 sunt
1032 2000 1208 2046 singulari
1234 2000 1487 2035 benevolentia
1515 2004 1550 2035 et
1575 1999 1732 2036 liberali-

110 2066 198 2105 tate,
237 2061 339 2107 cujus
374 2071 517 2107 semper
549 2072 684 2095 memor
712 2072 783 2095 ero.
810 2060 973 2095 Museum
999 2059 1202 2103 botanices,
1232 2058 1326 2105 quod
1354 2058 1586 2095 Christianiae
1612 2059 1730 2106 floret,

110 2120 301 2166 variosque
341 2119 452 2155 libros
490 2119 706 2166 inspiciendi
747 2119 890 2154 occasio
921 2119 1007 2153 mihi
1041 2119 1162 2154 oblata
1196 2122 1251 2153 est
1284 2130 1306 2153 a
1338 2118 1550 2153 Professor-e
1576 2118 1664 2154 Dzre
1690 2119 1731 2154 F.

110 2179 337 2216 SCHUBELER
366 2183 402 2214 et
430 2178 695 2215 Conservatore
724 2178 837 2213 musei
866 2178 936 2213 Ax.
964 2178 1098 2213 BLYTT.
1126 2177 1312 2213 Praeterea
1338 2178 1494 2223 gratiam
1522 2188 1593 2223 ago
1620 2177 1733 2212 maxi-

110 2251 205 2274 mam
238 2238 324 2273 viris
353 2238 613 2283 celeberrimis,
643 2237 873 2272 amicissimis
901 2237 981 2272 D:ri
1008 2236 1078 2272 TH.
1106 2236 1153 2271 M.
1181 2236 1314 2281 FRIES,
1342 2236 1523 2283 Adjuncto
1547 2237 1733 2272 botanices

110 2289 340 2345 Upsaliensi,
370 2297 449 2334 D:ri
470 2297 537 2333 FR.
553 2297 800 2340 ARESCHOUG,
820 2295 1000 2342 Adjuncto
1020 2295 1204 2331 botanices
1223 2294 1424 2340 Lundensi,
1448 2295 1528 2330 D:ri
1548 2294 1588 2331 C.
1608 2295 1733 2331 HART-

110 2367 202 2401 MAN,
231 2357 379 2393 Lectori
414 2355 657 2392 Oerebroensi
685 2360 720 2391 et
746 2355 826 2390 D:ri
852 2354 886 2390 J.
914 2355 958 2390 E.
985 2355 1258 2398 ZETTERSTEDT,
1287 2354 1433 2390 Lectori
1460 2353 1733 2401 Junecopiensi,

111 2418 172 2464 qui
198 2417 255 2452 vel
281 2416 385 2452 vivas
413 2416 557 2462 plantas
584 2415 642 2450 vel
669 2414 901 2450 collectiones
927 2413 1086 2450 Georum
1114 2413 1199 2449 mihi
1226 2414 1437 2449 obtulerunt.

279 2475 396 2520 Quum
432 2475 500 2510 hoc
532 2479 693 2520 tempore
726 2484 797 2508 non
832 2473 969 2520 possim
997 2473 1224 2508 conscribere
1252 2471 1550 2519 monographiam
1574 2472 1733 2519 comple-

109 2539 198 2580 tam,
234 2535 318 2581 quia
350 2546 414 2570 eas
449 2533 563 2578 solas,
601 2544 681 2579 quae
717 2532 754 2567 in
788 2532 922 2568 museis
950 2536 985 2567 et
1011 2532 1188 2567 herbariis
1216 2531 1470 2568 Scandinaviae
1497 2531 1732 2578 inveniuntur,

210 2602 284 2628 Nova
302 2602 370 2628 Acta
388 2601 453 2634 Reg.
474 2600 531 2626 Soc.
551 2600 591 2626 Sc.
611 2600 673 2634 Ups.
710 2600 764 2626 Ser.
783 2599 832 2625 ΠΙ.
1616 2599 1628 2624 1
