2134 3034
432 181 454 216 2
1000 178 1046 215 N.
1072 177 1158 216 Jon.
1186 179 1371 226 Sensum,

383 281 526 329 species
555 284 590 316 et
617 281 751 318 formas
780 283 962 332 inspicere
989 285 1076 320 mihi
1106 282 1206 319 licuit
1234 285 1339 328 atque
1369 280 1476 316 facile
1500 280 1677 329 fingerem
1703 282 1826 330 plures
1853 282 2013 319 Georum

386 340 529 387 species
561 341 700 376 servari
731 342 768 378 in
800 344 935 380 museis
967 348 1185 387 exterorum,
1223 340 1269 376 ad
1297 351 1377 387 quae
1405 340 1523 376 aditus
1552 342 1638 377 mihi
1664 353 1736 377 non
1763 342 1893 389 patuit,
1923 343 2014 389 opti-

388 411 483 435 mum
517 399 633 434 visum
667 405 723 436 est
758 401 866 438 edere
900 403 1075 450 synopsin
1108 400 1307 449 specierum
1342 399 1516 435 hactenus
1553 400 1776 447 cognitarum
1797 400 1838 450 ¹),
1876 405 1915 437 ut
1947 402 2015 438 hoc

385 458 577 506 prodromo
619 461 893 509 monographiae
935 462 1054 498 aditus
1087 461 1190 497 detur
1225 459 1271 495 ad
1303 459 1386 495 illas
1415 460 1665 506 collectiones,
1694 461 1822 507 quibus
1851 461 2013 497 caruisse

385 529 456 554 non
489 529 637 565 possum
670 530 741 555 non
773 520 905 557 dolere.
958 521 1073 556 Multa
1101 520 1193 557 enim
1222 519 1259 554 in
1285 519 1354 554 hoc
1379 519 1568 566 prodromo
1599 531 1681 555 esse
1709 520 1933 566 imperfecta,
1962 520 2015 556 in-

386 577 522 624 telligo.
563 577 612 613 At
638 578 847 626 priusquam
882 580 1025 628 species
1059 591 1164 616 novae
1198 582 1454 626 proponuntur⁷
1489 579 1575 614 utile
1602 578 1688 614 mihi
1714 579 1830 614 visum
1858 583 1914 615 est
1936 580 2014 626 jam

387 637 569 683 cognitas,
605 648 704 685 saepe
738 640 908 675 confusas
942 639 1136 684 extricare,
1172 649 1283 685 quare
1311 648 1436 684 spero,
1464 649 1521 673 me
1548 638 1617 674 hoc
1645 650 1735 685 opus
1762 638 1857 674 haud
1884 639 2015 675 frustra

389 696 608 743 suscepisse.
663 695 769 741 Quod
803 697 835 733 si
870 698 1082 745 opuseulum
1108 709 1180 734 non
1206 697 1313 744 plane
1338 697 1572 743 rejiciendum
1598 697 1787 743 videbitur,
1817 698 2015 734 Botanicos

387 755 514 802 quibus
551 755 752 792 accuratior
785 757 942 804 cognitio
982 757 1143 794 Georum
1180 756 1280 792 cordi
1314 767 1482 803 curaeque
1515 761 1586 802 est,
1621 757 1728 793 etiam
1763 761 1869 804 atque
1908 758 2014 793 etiam

386 818 535 861 rogatos
569 815 666 861 volo,
704 820 742 851 ut
776 827 856 852 meo
891 817 992 864 operi
1024 817 1171 853 faveant
1201 820 1307 863 atque
1334 816 1631 864 monographiam
1659 829 1691 852 v.
1719 816 1765 852 D.
1794 816 1878 852 olim
1909 817 2015 853 eden-

389 875 473 910 dam
498 875 556 910 vel
584 875 841 923 speciminibus
870 876 1140 912 communicatis
1167 875 1224 911 vel
1251 875 1411 911 consiliis
1440 875 1643 911 sublevent!

490 976 522 1017 1)
547 975 668 1009 Omnes
704 977 830 1019 species
864 976 924 1008 rite
959 976 1105 1018 cognitas
1140 976 1207 1008 vidi
1241 979 1357 1017 praeter
1388 977 1425 1009 G.
1449 978 1676 1019 mico-opetalum
1705 980 1736 1008 et
1768 977 1806 1009 G.
1830 978 2015 1019 albz‘flormn.

388 1027 546 1059 Plurimas
581 1028 613 1059 in
651 1028 750 1060 hortis
775 1027 933 1060 botanicis
961 1028 1163 1070 Upsaliensi,
1198 1027 1379 1070 Lundensi,
1412 1028 1598 1069 Hafniensi,
1640 1028 1887 1060 Christianiensi
1924 1028 2017 1060 vivas

389 1080 455 1112 vidi
479 1080 531 1112 vel
554 1080 624 1122 ipse
648 1080 741 1112 colui.
