2134 3034
1068 192 1112 227 T.
1142 190 1341 235 Tritonum,

690 296 734 326 B.
770 293 863 326 Oculi
887 292 986 324 medii
1010 292 1042 323 in
1067 291 1257 332 quadratum
1284 289 1443 331 dispositi.
1488 288 1629 319 Maxillae
1653 290 1813 329 angustae,
1838 288 1870 318 in
1897 288 2015 319 labium

779 344 902 376 fortiter
924 343 1096 375 inclinatae.
1144 341 1406 383 Cephalothorax
1432 339 1496 371 alte
1515 348 1693 375 convexum,
1718 337 2018 379 sub-hemisphaeri-·

781 405 848 427 cus.
913 413 1786 426 .................
1836 391 1884 421 1Ο.
1931 391 2013 421 Ero.

649 461 686 480 *ἧς
708 459 815 491 Pedes
839 460 961 491 aculeis
986 462 1135 490 carentes
1160 458 1340 498 (rarissime
1365 457 1449 488 serie
1480 456 1662 487 aculeorum
1688 455 1799 486 subtus
1821 455 1992 495 instructi).

704 523 742 554 A.
780 522 976 554 Mandibulae
1011 523 1131 553 femore
1166 521 1237 562 plus
1273 520 1371 560 duplo
1405 519 1598 555 crassiores,
1628 527 1729 557 usque
1758 527 1777 548 a
1805 516 1877 548 basi
1908 516 2016 547 diver-

781 577 895 614 gentes
900 593 1647 605 ...............
1696 570 1722 599 1.
1769 569 2014 608 Paclzyynatha.

706 640 744 673 B.
778 640 974 677 Mandibulae
998 649 1061 670 non
1084 639 1137 669 vel
1161 637 1251 678 apice
1275 639 1397 667 tantum
1421 635 1639 675 divergentes.

784 706 824 736 A.
856 703 1051 735 Mandibulae
1075 713 1139 734 non
1164 703 1214 733 vel
1236 711 1350 742 parum
1375 701 1550 731 crassiores
1574 710 1668 740 quam
1698 701 1821 732 femora
1844 701 2017 732 anteriora.

858 755 999 786 Maxillae
1029 754 1190 793 oblongae,
1221 752 1373 784 lateribus
1404 751 1590 787 sub-rectis,
1619 752 1818 792 paralleliter
1847 755 2014 792 porrectae.

857 805 965 837 Pedes
989 808 1103 836 tenues
1127 803 1236 842 valde,
1260 813 1352 844 prop.
1382 805 1417 840 1,
1444 803 1477 843 2,
1503 805 1536 843 4,
1563 803 1590 833 3.
1639 801 1731 833 Oculi
1758 802 1857 834 medii
1886 802 1953 833 fere
1982 802 2016 833 in

861 856 1052 897 quadratum
1077 855 1240 896 dispositi,
1265 853 1442 884 anteriores
1466 853 1498 883 in
1521 852 1684 884 tuberculo
1708 852 1795 893 forti,
1820 853 2015 894 prominenti

858 907 964 948 positi.
1015 906 1135 946 <Caput
1162 905 1260 936 maris
1291 904 1386 935 valde
1416 903 1610 945 prominens.
1655 903 1775 945 Palpus
1806 903 1933 935 feminae
1961 913 2018 934 un-

857 966 920 997 gue
944 958 1144 992 instructus).
1206 978 1697 987 ..........
1742 955 1772 986 4.
1820 956 2017 995 Aryyrocles.

785 1024 828 1054 B.
852 1022 1046 1054 Mandibulae
1071 1022 1256 1063 plerumque
1281 1021 1400 1052 femore
1425 1021 1603 1052 crassiores
1628 1025 1659 1052 et
1681 1022 1773 1062 apice
1792 1021 2016 1061 divergentes:

853 1073 971 1114 pedum
994 1083 1084 1113 prop.
1109 1073 1294 1113 plerumque
1315 1071 1350 1112 4,
1379 1073 1409 1111 1,
1435 1072 1468 1112 2,
1494 1072 1521 1102 3.
1560 1071 1709 1112 (Species
1732 1072 1875 1115 minutae,
1901 1073 2018 1113 nigrae,

853 1125 953 1155 fuscae
977 1124 1029 1155 vel
1052 1124 1266 1163 rufescentes,
1293 1123 1464 1154 abdomine
1483 1123 1665 1163 saepissime
1682 1123 1854 1155 unicolore.
1899 1124 2020 1165 Palpus

854 1175 980 1206 feminae
1009 1184 1116 1214 ungue
1145 1174 1324 1214 saepissime
1349 1174 1489 1212 carens).

856 1250 883 1270 a.
918 1238 1058 1269 Maxillae
1087 1237 1326 1279 sub›1>a1·alle1ae
1355 1238 1407 1268 vel
1434 1238 1466 1268 in
1494 1237 1614 1268 labium
1645 1237 1823 1277 inclinatae,
1854 1236 1896 1268 ad
1926 1236 2019 1268 basin

920 1299 983 1320 non
1008 1289 1060 1320 vel
1084 1298 1195 1329 parum
1220 1289 1352 1320 latiores
1357 1313 1661 1320 .......
1707 1288 1737 1319 8.
1790 1289 2020 1319 Walokenaera.

854 1353 880 1384 b.
915 1352 1055 1383 Maxillae
1079 1351 1121 1383 ad
1145 1352 1237 1383 basin
1263 1352 1359 1383 valde
1383 1352 1535 1383 dilatatae.
1571 1376 1579 1384 .
1626 1377 1632 1383 .
1680 1376 1687 1383 .
1735 1376 1742 1382 .
1790 1351 1817 1382 7.
1867 1352 2020 1391 Eriyone.

787 1424 819 1455 Ο.
857 1423 1051 1455 Mandihulae
1082 1424 1261 1464 saepissime
1291 1424 1411 1455 femore
1441 1423 1647 1463 angustiores
1678 1425 1710 1454 et
1745 1422 2022 1463 sub-cylindratae.

857 1474 998 1505 Maxillae
1026 1474 1214 1515 plerumque
1243 1475 1275 1505 in
1307 1474 1426 1505 labium
1450 1475 1571 1506 fortiter
1595 1475 1768 1505 inclinatae.
1817 1474 1952 1514 (Palpus
1977 1473 2022 1505 fe-

855 1525 950 1555 minae
974 1534 1080 1565 ungue
1105 1525 1267 1565 pectinato
1292 1525 1493 1566 instructus).

857 1600 891 1621 a.
928 1590 1019 1622 Oculi
1043 1591 1194 1623 laterales
1221 1593 1457 1633 contingentes.

925 1667 952 1686 a.
989 1655 1082 1688 Oculi
1105 1656 1203 1688 medii
1227 1658 1406 1698 trapezium
1431 1658 1538 1689 antice
1562 1657 1659 1698 duplo
1682 1657 1852 1698 angustius
1883 1656 2023 1688 forman-

987 1710 1045 1739 tes.
1092 1708 1231 1738 Maxillae
1262 1708 1351 1745 latae,
1381 1708 1748 1749 ovato-sub-quadratae.
1794 1707 1900 1739 Pedes
1930 1717 2021 1748 prop.

988 1760 1022 1798 1,
1047 1758 1081 1798 4,
1108 1758 1142 1796 2,
1167 1759 1201 1796 3,
1232 1759 1320 1799 longi
1350 1763 1382 1790 et
1411 1759 1549 1800 graciles
1574 1759 1678 1790 valde.
1734 1784 1740 1790 .
1787 1759 1815 1790 9.
1862 1759 2021 1791 Nestious.

926 1815 953 1846 b.
988 1814 1081 1846 Oculi
1110 1814 1206 1846 medii
1237 1825 1347 1846 aream
1376 1816 1481 1847 antice
1504 1826 1567 1847 non
1591 1816 1642 1846 vel
1665 1825 1778 1856 parum
1803 1816 2021 1856 angustiorem

988 1875 1084 1905 quam
1113 1865 1238 1906 postice
1275 1870 1484 1907 occupantes.
1529 1867 1671 1897 Maxillae
1694 1866 1727 1897 in
1761 1867 1878 1897 labium
1903 1867 2024 1898 fortiter

988 1916 1151 1947 inclinatae
1179 1917 1230 1948 vel
1258 1917 1343 1948 circa
1374 1917 1492 1949 labium
1522 1921 1676 1954 curvatae,
1708 1918 1893 1959 plerumque
1924 1927 2024 1958 angu-

990 1970 1049 1997 stae
1073 1969 1105 1997 et
1128 1967 1354 1998 sub-lineares.

990 2042 1019 2062 α.
1050 2031 1197 2072 Spatium
1226 2032 1309 2063 inter
1342 2033 1449 2063 oculos
1484 2032 1624 2073 posticos
1660 2031 1782 2063 medios
1813 2035 1845 2062 et
1872 2032 2024 2063 laterales

1047 2082 1143 2123 duplo
1179 2083 1306 2113 circiter
1338 2083 1456 2124 majus,
1492 2093 1586 2123 quam
1622 2083 1775 2123 spatium,
1807 2093 1869 2123 quo
1903 2082 2025 2113 distant

1048 2133 1131 2164 oculi
1159 2133 1257 2164 medii
1286 2133 1368 2164 inter
1398 2143 1444 2165 se.
1495 2134 1634 2165 Maxillae
1671 2137 1763 2165 extus
1795 2133 2023 2164 sub-dilatatae.

1048 2184 1215 2215 Abdomen
1240 2184 1368 2224 longius
1392 2187 1533 2220 ovatum,
1550 2184 1674 2215 modice
1692 2194 1880 2216 convexum.
1915 2184 2022 2216 Pedes

1048 2235 1143 2266 valde
1167 2235 1255 2275 longi
1278 2237 1310 2265 et
1333 2235 1482 2275 graciles.
1529 2259 1535 2266 .
1582 2259 1589 2266 .
1636 2260 1643 2267 .
1692 2236 1739 2266 11.
1787 2236 2023 2275 Plzyllonethis.

993 2301 1021 2339 β.
1052 2299 1197 2340 Spatium
1229 2300 1312 2331 inter
1342 2301 1450 2332 oculos
1480 2301 1623 2341 posticos
1657 2300 1782 2332 medios
1812 2304 1843 2331 et
1871 2301 2024 2332 laterales

1050 2360 1114 2381 non
1138 2352 1189 2382 vel
1213 2351 1319 2392 paullo
1343 2354 1464 2382 tantun]
1488 2351 1606 2392 majus,
1632 2360 1727 2390 quam
1751 2361 1812 2392 quo
1834 2351 1956 2383 distant
1978 2351 2024 2383 illi

1050 2402 1133 2433 inter
1157 2411 1203 2433 se.

1050 2463 1075 2494 I.
1111 2463 1219 2495 Series
1238 2464 1398 2496 oculorum
1415 2464 1548 2505 postica,
1566 2463 1748 2504 desuperne
1765 2466 1845 2505 visa,
1865 2475 2025 2506 procurva

1113 2514 1165 2545 vel
1189 2515 1361 2546 sub—recta.
