2134 3034
424 223 469 257 10
979 215 1013 252 J.
1041 215 1083 250 E.
1113 215 1394 258 ZETTERSTEDT,
1668 234 1684 238 -

399 323 430 356 6.
491 321 782 367 Gynmostomum
817 324 973 364 rupestre
1006 316 1202 361 Schwaegr.
1230 338 1281 342 ——
1315 314 1470 361 Sohimp.
1500 314 1584 361 Syn.
1612 326 1645 361 p.
1675 317 1732 351 41.
1757 337 1807 341 —
1841 314 1899 349 ΒΓ.
1925 326 1997 350 cnr.

538 379 609 413 tab.
640 379 702 418 33,
733 379 789 412 34.
818 398 868 401 ψ
894 374 1034 409 Hartm.
1062 373 1117 409 Fl.
1148 374 1202 409 ed.
1233 376 1270 416 9,
1298 385 1331 420 p.
1364 374 1420 407 76.

521 445 558 475 In
581 444 706 475 fissuris
731 442 855 483 rupium
880 442 1107 472 calcarearum.
1153 441 1190 471 In
1213 439 1382 481 praeruptis
1407 438 1519 479 praedii
1544 438 1632 468 Horn
1656 448 1719 469 non
1742 448 1853 479 parce,
1880 442 1912 469 at
1936 442 1998 469 ste-

370 496 429 526 rile
454 514 492 517 -—
518 495 554 526 B.

521 546 636 576 Planta
671 544 849 583 variabilis,
884 542 994 573 densis
1029 541 1214 582 caespitibus
1251 549 1415 579 crescenS,
1452 540 1638 579 plerumque
1673 538 1817 570 brunnea
1845 540 1865 571 l.
1897 540 1997 571 fusca.

372 598 494 627 Forma
516 597 686 631 virescens
711 595 834 626 inferne
858 593 947 624 calce
972 593 1164 628 incrustata,
1190 601 1210 621 a
1233 591 1334 621 forma
1363 590 1498 620 normali
1528 589 1692 629 discrepat
1715 590 1799 621 foliis
1825 589 1999 629 paullulum

370 647 553 686 latioribus,
578 656 648 686 quae
671 649 778 676 tamen
805 648 837 675 et
859 644 985 675 textura
1002 646 1033 673 et
1050 642 1153 682 figura
1171 652 1242 672 cum
1260 641 1344 672 foliis
1364 640 1472 671 formae
1496 640 1646 670 normalis
1666 644 1778 670 exacte
1798 640 1999 671 conveniunt.

400 717 430 750 7.
490 715 783 762 Gymnostomzmt
817 713 1067 748 cnrvz'rostrum
1100 710 1146 745 H.
1179 732 1228 735 ——
1262 709 1418 755 Schimp.
1452 708 1536 755 Syn.
1569 721 1602 755 p.
1639 710 1696 744 43.
1731 709 1790 743 ΒΓ.
1827 719 1898 743 eur.
1926 709 1998 743 tab.

540 775 603 818 35,
635 775 691 808 36.
722 794 768 798 —
801 771 940 806 Hartm.
972 770 1027 804 Fi.
1057 768 1111 803 ed.
1144 770 1182 812 9,
1210 779 1243 814 p.
1275 769 1331 802 76.

523 839 574 870 Ad
605 843 713 880 petras
741 839 907 869 calcareas
936 838 968 868 in
997 836 1119 876 campis
1150 834 1373 866 alvarensibus
1403 834 1485 865 inter
1515 834 1619 865 Tveta
1649 836 1680 864 et
1703 832 1855 872 templum
1880 831 2000 863 Thors-

371 891 469 922 lunda
492 900 589 931 parce
613 894 645 921 et
669 890 777 921 sterile
802 908 842 911 -
866 888 907 919 M.

400 962 431 995 8.
496 959 642 994 Weiss-ia
675 958 829 993 viridum
864 956 979 1003 (Dill.)
1007 977 1058 981 ——
1090 954 1246 1000 Schimp.
1282 953 1366 1000 Syn.
1402 965 1435 999 p.
1465 954 1523 988 50.
1551 975 1600 980 —
1628 953 1686 989 ΒΓ.
1722 964 1793 988 eur.
1827 953 1897 987 tab.
1936 954 2000 998 21,

539 1019 597 1052 22.
617 1039 668 1043 ἢ
686 1016 824 1051 Hartm.
854 1015 908 1050 Fl.
937 1013 991 1049 ed.
1022 1015 1059 1057 9,
1088 1024 1122 1058 p.
1154 1014 1209 1047 74.

522 1083 573 1114 Ad
597 1087 714 1114 terram
738 1082 769 1112 in
795 1080 951 1113 Tveta-{is
976 1098 1018 1102 -
1042 1089 1068 1110 c.
1092 1079 1127 1110 fr.
1152 1097 1195 1101 —
1218 1079 1258 1109 M.

523 1135 601 1165 Haec
637 1133 763 1174 species
799 1132 905 1162 multis
940 1131 1018 1162 locis
1053 1130 1186 1161 forsitan
1220 1129 1369 1169 occurrit,
1400 1138 1588 1169 quamquam
1618 1128 1768 1159 facillime
1803 1129 1998 1169 negligatur,

370 1185 549 1227 praesertim
573 1194 668 1225 quum
700 1184 841 1224 capsulae
862 1182 930 1223 jam
954 1181 1044 1212 initio
1068 1180 1188 1211 mensis
1212 1180 1299 1211 Junii
1329 1179 1479 1210 decidere
1509 1180 1622 1211 solent.
1670 1180 1730 1210 Die
1759 1181 1798 1211 20
1823 1180 1897 1211 Juni
1922 1190 2001 1210 non-

370 1237 474 1268 nullas
499 1239 586 1267 setas
611 1238 771 1266 restantes
796 1237 828 1264 et
850 1242 970 1274 paucas
994 1232 1144 1272 capsulas
1172 1231 1353 1262 destructas
1380 1231 1496 1261 inveni.

397 1307 429 1341 9.
492 1305 639 1339 Weissm
673 1304 829 1338 cirrlzata
860 1301 906 1337 H.
941 1323 989 1327 —-
1019 1299 1175 1345 Schimp.
1213 1298 1297 1345 Syn.
1334 1311 1367 1346 p.
1397 1301 1454 1335 56.
1483 1322 1533 1326 ——
1560 1299 1619 1335 ΒΓ.
1654 1310 1726 1334 eur.
1761 1300 1831 1335 tab.
1862 1301 1919 1335 25.
1950 1321 2001 1326 ——

537 1363 678 1398 Hartm.
707 1362 761 1397 Fl.
790 1361 844 1396 ed.
876 1364 914 1405 9,
940 1372 973 1406 p.
1007 1361 1062 1394 74.

521 1429 572 1460 Ad
604 1440 685 1461 saxa
715 1429 864 1460 calcarea
894 1427 973 1458 satis
1004 1435 1101 1467 parce
1131 1429 1163 1456 et
1192 1424 1325 1465 sterilis,
1351 1435 1380 1456 v.
1405 1434 1431 1456 c.
1455 1425 1644 1465 Borgholms
1673 1425 1911 1466 slottsbranter,
1936 1425 2001 1456 K'o-

370 1482 466 1522 pings
488 1481 632 1520 branter,
658 1480 763 1511 Horns
789 1479 982 1520 sjobranter,
1008 1477 1125 1517 ubique
1149 1485 1245 1516 parce
1268 1493 1310 1497 —
1333 1475 1373 1506 M.
1399 1475 1433 1506 B.

373 1552 430 1586 10.
493 1550 640 1585 Weissia
673 1548 909 1595 cmzblyplzylla
943 1559 975 1582 n.
1012 1557 1109 1592 spec.
1163 1545 1265 1580 Laxe
1294 1544 1502 1591 caespitosa,
1532 1543 1682 1579 uncialis
1711 1548 1746 1579 ct
1773 1545 1881 1588 ultra,
1909 1545 2001 1580 vire-

539 1620 655 1644 scens.
712 1606 846 1643 Oaules
874 1605 1023 1649 ramosi,
1052 1604 1140 1639 folia
1166 1604 1311 1639 madida
1338 1603 1603 1650 patentissima,
1630 1603 1729 1638 sicca
1758 1603 1959 1638 subtortilia
1977 1603 2000 1638 1.

538 1667 712 1714 crispata,
735 1677 754 1701 e
772 1665 853 1700 basi
872 1663 990 1699 latiori
1011 1663 1249 1709 amplectente
1268 1662 1460 1708 lingulata,
1481 1662 1625 1705 obtusa,
1644 1662 1999 1707 carinam-concava,

538 1726 701 1771 margine
743 1723 973 1769 integerrimo
1014 1726 1049 1756 et
1087 1721 1240 1766 reflexo,
1281 1725 1382 1756 costa
1416 1719 1538 1755 valida
1571 1720 1637 1755 sub
1671 1720 1774 1767 apice
1810 1721 2000 1756 rotundato

541 1783 704 1819 evanida.
759 1783 914 1817 Fructus
942 1781 1097 1827 ignotus.

522 1850 572 1882 Ad
597 1860 693 1891 rupes
718 1849 882 1880 calcareas
906 1858 978 1878 raro
1003 1850 1131 1887 reperta
1154 1847 1186 1877 in
1208 1846 1314 1877 Horns
1332 1845 1512 1886 sjobranter
1528 1855 1592 1876 una
1609 1855 1679 1876 cum
1705 1847 1837 1877 Weissia
1854 1847 2000 1877 oirrhata

372 1905 404 1933 et
427 1903 651 1944 Gynmostomo
676 1901 830 1940 rupestri.

522 1951 721 1992 Quamquam
753 1950 822 1981 haec
856 1950 966 1990 planta
995 1946 1214 1979 tantummodo
1239 1946 1356 1977 sterilis
1383 1949 1523 1987 reperta,
1554 1945 1700 1977 dubitare
1724 1957 1786 1978 non
1813 1947 1900 1988 licet,
1925 1948 1999 1988 quin

370 2004 453 2035 inter
488 2013 600 2034 omnes
632 2003 787 2033 hactenns
822 2000 1001 2040 descriptas
1037 1999 1164 2039 species
1196 1998 1237 2029 ad
1279 1999 1444 2029 Weissz'am
1473 1999 1648 2028 arrhatam
1677 1998 1820 2038 proxime
1851 1999 1999 2037 accedat,

371 2064 466 2095 quum
489 2054 599 2085 habitu
623 2056 654 2084 et
681 2055 839 2084 structura
863 2051 1007 2082 foliorum
1031 2050 1127 2090 plane
1152 2049 1353 2080 conveniant.
1398 2049 1513 2079 Differ-t
1529 2051 1636 2079 tamen
1653 2049 1796 2080 caulibus
1813 2049 2000 2081 robustiori-

371 2106 443 2146 bus,
476 2105 561 2136 foliis
589 2104 753 2135 latioribus
784 2102 949 2142 lingulatis
981 2101 1153 2142 paullulum
1183 2100 1383 2131 brevioribus
1413 2103 1444 2131 et
1473 2100 1577 2139 magis
1607 2099 1745 2138 dissitis,
1772 2100 1862 2141 apice
1887 2100 2000 2131 obtuso

370 2157 546 2188 instructis.
592 2155 685 2186 Folia
716 2156 851 2185 Weissz'ae
868 2154 1019 2184 eirrhatoe
1035 2152 1207 2191 graciliora
1224 2154 1296 2181 sunt
1315 2155 1345 2181 et
1362 2151 1481 2181 sensim
1498 2151 1817 2182 lineari-lanceolata.
1871 2153 2002 2182 Weissia

371 2207 603 2247 amblyphylla,
630 2206 657 2237 si
681 2206 814 2237 formam
838 2205 981 2236 foliorum
1006 2202 1176 2243 respiciaS,
1208 2201 1250 2232 ad
1282 2203 1444 2232 Weisszam
1468 2202 1643 2232 cirrhatam
1667 2205 1780 2232 exacte
1805 2211 1840 2233 se
1864 2203 1998 2243 praebet,

369 2261 404 2289 ut
435 2259 566 2289 Weissz'a
589 2257 785 2287 denticulata
809 2255 851 2286 ad
881 2256 925 2286 W.
941 2256 1101 2294 fuyacem.

375 2330 430 2363 11.
485 2326 698 2362 Dicranella
727 2325 934 2360 cerviculam
963 2322 1037 2371 (H.)
1066 2344 1115 2347 -
1144 2320 1299 2366 qchimp.
1329 2319 1414 2366 Syn.
1442 2332 1476 2366 p.
1508 2322 1563 2355 72.
1589 2342 1638 2346 —
1665 2320 1860 2356 Dicranum
1888 2321 2000 2356 cervi-

541 2385 696 2420 culatum
723 2384 782 2419 ΒΓ.
812 2394 883 2418 eur.
911 2382 982 2416 tab.
1011 2382 1068 2415 56.
1097 2400 1146 2405 —
1174 2378 1313 2414 Hartm.
1341 2378 1396 2413 Fl.
1425 2378 1479 2413 cd.
1509 2380 1547 2421 9,
1576 2390 1609 2425 p.
1642 2380 1697 2414 70.

521 2453 557 2483 In
581 2455 667 2482 terra
689 2449 819 2481 humida
844 2448 1012 2486 silvarum,
1040 2445 1081 2477 ad
1107 2446 1268 2485 margines
1293 2445 1450 2476 fossarum
1474 2448 1505 2475 et
1527 2444 1671 2485 pluribus
1699 2444 1793 2480 locis,
1812 2445 1998 2485 plerumque

372 2503 530 2534 ditissime
561 2501 770 2540 fructificans,
799 2510 828 2531 v.
848 2509 874 2530 c.
906 2492 1028 2530 Olands
1057 2496 1230 2535 alunbruk‚
1261 2496 1388 2527 Saxnas
1418 2495 1596 2535 granskog,
1625 2495 1706 2526 inter
1730 2494 1857 2526 Saxnas
1882 2497 1913 2525 et
1936 2495 1998 2525 Ro-

372 2554 474 2592 h'alla,
496 2553 588 2584 Roda
611 2551 797 2593 kronopark
820 2550 927 2581 multis
951 2548 1031 2580 locis
1055 2566 1097 2570 —
1121 2557 1145 2578 c.
1169 2547 1206 2579 fr.
1231 2565 1269 2570 —
1294 2548 1331 2578 A.
1355 2547 1396 2577 M.
1420 2546 1456 2578 B.
