2134 3034
561 234 680 269 Muscl
709 245 753 270 Εἰ·
780 236 988 271 HEPATICAE
1017 236 1236 273 OELANmAE.
1624 241 1668 273 15

247 334 322 365 Obs.
368 334 445 365 Haec.
470 334 596 374 species
622 344 708 374 rara,
734 336 763 365 in
790 334 1007 366 Seanclinavia
1036 338 1153 368 sterilis
1178 342 1298 369 tantum
1325 342 1465 379 reperta,
1492 338 1652 378 copiosior
1677 338 1721 369 vi-

96 394 173 423 gere
204 384 329 415 videtur
359 385 390 415 in
420 385 608 423 Gotlandia,
641 385 692 415 ubi
715 385 783 425 jam
813 396 897 416 auno
932 387 1012 417 1860
1041 389 1214 428 specimina
1247 389 1380 429 pulchra
1408 389 1437 419 iu
1470 392 1575 419 monte
1603 389 1722 419 Thers-

98 435 176 474 burg
205 435 285 474 legi,
317 435 390 466 dein
425 435 535 466 eodem
567 436 636 465 loco
661 439 691 465 et
719 435 859 474 pluribus
884 437 955 467 aliis
979 448 996 467 a
1025 438 1115 469 Dect.
1140 439 1172 469 P.
1199 440 1234 470 T.
1262 440 1359 470 Clcve
1383 440 1514 470 iuventa
1539 443 1597 469 est.
1644 439 1722 469 Fru-

96 489 162 515 stra
194 494 266 515 vero
296 485 327 515 in
360 485 519 516 Oclaudia
551 485 683 524 ‹luaesivi
720 487 970 516 Trielzoslommn
1000 489 1177 527 crispulmn
1211 491 1336 524 liv-neh,
1362 489 1444 529 quod
1471 489 1614 529 pluribus
1644 490 1722 520 locis

95 535 276 565 Gotlandim
306 536 427 575 inveni,
458 547 486 566 v.
512 546 536 566 c.
572 536 603 566 in
634 535 836 575 Thorsfflwg,
868 536 908 566 acl
940 537 1083 568 Etelhem
1113 543 1143 569 et
1171 539 1210 569 asl
1242 540 1442 579 lx'opparvik.
1490 541 1618 571 Duobus
1644 541 1722 570 locis

95 585 349 625 praeoedentibus
374 586 507 617 formam
530 587 637 616 inveni
663 587 851 625 normalem,
878 588 1003 626 qualem
1028 588 1059 618 in
1083 589 1240 628 Pyriuaeis
1265 591 1327 629 legi
1347 594 1377 620 et
1395 600 1410 621 e
1429 591 1566 621 Bavaria
1593 590 1720 630 accepi,

95 635 154 666 sed
178 635 219 666 ad
244 637 433 676 Kopparvik
460 648 526 667 var.
551 638 570 676 β
595 637 794 676 Ζινσυξῐοῖἱιιιη
819 637 975 677 (Sellimp.
1001 638 1077 678 Syn.
1104 649 1133 678 p.
1163 641 1246 678 151).

94 712 154 746 42.
211 712 373 746 Barbula
408 713 637 759 meyuz'culata
672 713 787 758 (Dill.)
814 735 863 738 —
892 713 1046 759 Sellimp.
1082 713 1166 760 Syn.
1202 727 1234 760 p.
1272 717 1352 750 187.
1381 738 1430 742 —
1458 716 1515 751 Br.
1551 728 1621 751 eur.
1651 717 1721 751 fab.

265 773 351 814 142,
385 773 465 806 143.
493 793 543 797 —m
571 771 722 805 Tortula
749 771 980 816 unguiculata
1004 772 1141 806 Hartm.
1172 772 1224 807 Fl.
1254 773 1307 807 cd.
1335 775 1371 816 9,
1402 785 1432 818 p.
1465 776 1521 809 61.

244 840 280 870 Iu
310 843 396 870 terra.
424 840 465 870 ad
496 840 657 879 margines
688 839 846 870 fossarum
871 842 930 869 etc.
962 840 1067 870 multis
1092 840 1170 870 locis
1196 844 1227 870 et
1250 840 1316 870 fere
1341 841 1493 880 vulgaris,
1522 842 1647 881 parcius
1673 845 1719 872 ta-

95 899 168 920 men
203 890 413 930 fructificans,
451 900 478 921 v.
510 899 534 920 c.
567 890 721 929 Ostenby,
760 882 882 920 Olands
919 889 1090 928 aluum-uk,
1127 889 1310 930 Wicklcby,
1347 891 1566 931 Th01·slun(la‚
1605 892 1720 930 Treta,

96 940 315 980 Glomminge,
341 941 528 981 Borgholm,
555 941 701 980 lfflping,
725 940 828 980 Horu,
854 939 944 970 Beda
968 958 1009 961 —
1035 950 1059 970 c.
1085 940 1120 970 fr.
1147 959 1185 962 —
1210 941 1246 970 A.
1272 941 1311 970 M.
1338 941 1371 971 B.

96 1018 154 1051 43.
210 1017 375 1052 Barbula
410 1018 631 1065 recnrvg'folz'a
665 1017 822 1062 Schimp.
852 1015 983 1052 Coroll.
1018 1016 1077 1050 ΒΓ.
1108 1027 1178 1050 eur.
1209 1021 1243 1051 et
1269 1016 1352 1063 Syn.
1382 1029 1415 1062 p.
1446 1019 1526 1052 170.
1555 1040 1604 1043 -
1632 1018 1722 1052 Tor-

262 1076 337 1111 tula
363 1075 592 1110 recurvifolia
620 1074 759 1109 Hartm.
788 1075 842 1109 Fl.
873 1074 927 1109 ed.
958 1076 994 1118 9,
1025 1086 1057 1120 p.
1088 1076 1145 1109 (52.

247 1144 298 1175 Ad
322 1148 431 1185 petras
457 1149 488 1175 et
510 1154 605 1185 rupes
631 1145 795 1174 calcareas
819 1143 968 1174 madidas
993 1143 1137 1184 pluribus
1162 1144 1254 1183 locis,
1279 1145 1469 1185 parcissime
1494 1148 1616 1184 tamen,
1643 1155 1670 1175 v.
1696 1154 1722 1175 c.

95 1195 200 1225 Tveta
222 1195 388 1225 meridiem
415 1205 543 1234 versus,
569 1195 755 1235 Algutsrum
782 1195 811 1225 in
837 1195 945 1234 pineto
971 1204 1073 1235 prope
1097 1194 1261 1235 Jordtorp,
1287 1195 1436 1235 chings
1464 1195 1600 1225 branter.
1621 1213 1662 1216 ——
1682 1195 1722 1225 M.

96 1273 154 1305 44.
210 1271 375 1306 Bao-bula
402 1273 583 1307 convoluta
612 1271 657 1306 H.
677 1293 727 1297 —
747 1270 902 1316 Schimp.
932 1270 1016 1317 Syn.
1046 1282 1078 1316 p.
1111 1272 1259 1305 115.ss
1280 1270 1339 1305 Br.
1371 1282 1440 1305 eur.
1471 1271 1541 1306 tab.
1574 1274 1653 1306 154.
1678 1294 1720 1298 —

262 1329 413 1365 Tortula
439 1330 629 1365 convoluta
656 1329 796 1364 Hartm.
826 1329 880 1364 Fl.
907 1329 961 1363 ed.
993 1331 1030 1374 9,
1060 1340 1093 1374 p.
1125 1330 1181 1363 (32.

246 1400 297 1430 Ad
327 1404 444 1432 terram
474 1405 506 1432 et
536 1405 646 1441 petras
677 1401 973 1441 calam-easmultis
997 1401 1076 1431 locis
1102 1404 1133 1430 et
1157 1410 1242 1440 saepe
1268 1401 1505 1439 Didymffllontz'
1528 1402 1648 1430 rabello
1673 1411 1723 1431 as-

98 1450 236 1490 sociata,
254 1452 382 1491 parcius
400 1456 505 1482 tamen
526 1452 737 1491 fructificans,
755 1462 783 1482 v.
803 1461 828 1482 c.
845 1446 914 1482 Ahs
932 1452 1037 1489 alvar,
1057 1451 1172 1481 Resmo
1190 1454 1221 1480 et
1237 1450 1407 1491 Wicklehy
1424 1452 1522 1490 alvar,
1540 1451 1723 1492 Wickleby-

97 1500 189 1541 berg,
221 1501 364 1543 Gz‘irdby,
397 1502 617 1541 Thorslunda,
650 1503 753 1533 Tveta
783 1502 835 1542 fis,
868 1502 1029 1539 R-unsten,
1059 1501 1213 1540 Ekerum,
1244 1502 1420 1541 Tffigstad,
1452 1501 1601 1541 Kolstad‚
1624 1502 1723 1541 Borg-

96 1551 200 1583 holms
225 1553 327 1587 alvar,
352 1552 541 1592 Borgholms
567 1553 804 1590 slottsbranter⁷
830 1552 977 1593 KOpings
1002 1552 1143 1586 branter,
1162 1552 1266 1582 Herus
1285 1552 1477 1593 sjijbranter,
1496 1553 1601 1583 Horns
1619 1553 1721 1592 alvar7

96 1602 188 1634 Beda.
211 1603 397 1643 kronopark
423 1624 464 1627 —
488 1613 514 1634 c.
539 1605 575 1635 fr.
599 1623 642 1626 ——
665 1605 702 1634 A.
727 1603 767 1634 M.
790 1603 825 1634 B.

97 1672 156 1707 45.
211 1672 376 1707 Barbula
417 1673 589 1707 inclinata
631 1672 825 1718 Schwaegr.
866 1694 916 1697 ——
958 1671 1112 1718 Schimp.
1151 1671 1235 1718 Syn.
1271 1684 1304 1718 p.
1348 1674 1427 1707 HS.
1470 1694 1519 1698 ——
1560 1672 1618 1707 ΒΓ.
1651 1684 1721 1707 eur.

264 1731 336 1766 tab.
367 1732 446 1766 150.

248 1800 299 1831 Ad
324 1805 435 1841 petras
460 1801 526 1831 fere
551 1799 654 1831 nudas
680 1801 843 1831 calcareas
869 1799 1035 1840 Oelaudiae
1058 1801 1209 1832 australis
1234 1802 1376 1841 vulg-aris
1401 1805 1450 1832 est
1472 1801 1504 1831 in
1526 1804 1591 1832 toto
1608 1812 1724 1841 magno

98 1861 212 1891 campo
237 1851 438 1882 sterilissimo
463 1851 547 1882 dicto
572 1851 703 1882 ‘'Such-a
727 1852 894 1882 Alvaren''
919 1850 958 1881 ab
983 1846 1050 1881 Ahs
1076 1852 1166 1882 alvar
1190 1862 1290 1892 usque
1313 1852 1353 1882 ad
1378 1852 1512 1892 Resmo,
1537 1852 1722 1893 Wiekleby‚

99 1905 131 1932 et
155 1901 296 1942 Sandby.
342 1902 378 1932 In
408 1901 568 1932 Oelandia
591 1903 697 1933 media
721 1906 752 1932 et
775 1902 895 1933 boreali
919 1901 1042 1942 passim
1067 1903 1216 1942 occurrit,
1242 1913 1270 1933 v.
1296 1912 1321 1933 c.
1346 1903 1377 1933 in
1403 1903 1524 1943 campis
1548 1904 1723 1934 alvarensi-

101 1953 159 1984 bus
184 1954 266 1984 inter
290 1952 494 1983 Thorslunda
518 1955 549 1983 et
572 1953 774 1992 Algutsrum,
799 1953 829 1983 in
856 1953 961 1983 Horus
986 1953 1076 1983 alvar
1100 1972 1140 1975 —
1165 1963 1190 1984 c.
1213 1954 1248 1984 fr.
1273 1972 1315 1976 —
1337 1955 1374 1984 A.
1399 1953 1439 1984 M.
1463 1954 1498 1984 B.

248 2003 327 2034 Haec
351 2003 478 2043 species
502 2003 613 2043 patriae
637 2013 735 2044 nova,
761 2013 830 2043 quae
854 2005 937 2034 inter
961 2004 1157 2043 vulgatiores
1189 2014 1316 2035 muscos
1345 2005 1531 2035 alvarenses
1558 2004 1723 2036 Oelaudiae

98 2054 297 2095 numeranda
329 2058 393 2093 est,
425 2064 496 2084 raro
526 2054 557 2084 in
588 2055 729 2085 Alvaren
752 2054 944 2085 fructificare
968 2054 1101 2085 videtur.
1149 2055 1284 2086 Uuicam
1308 2056 1473 2095 capsulam
1499 2059 1652 2086 maturam
1677 2056 1723 2086 in—

98 2105 172 2136 veni
193 2106 225 2136 in
249 2101 317 2136 Abs
342 2106 442 2136 alvar.
488 2104 611 2136 Eodem
635 2115 719 2135 anno
745 2114 782 2135 ac
805 2105 837 2135 in
863 2104 1022 2135 Oelandia
1046 2105 1077 2135 in
1101 2105 1259 2137 territorio
1292 2105 1378 2145 Sogn
1404 2106 1574 2145 Norvegiae
1598 2110 1723 2146 reperta

98 2159 149 2186 est
171 2165 189 2186 a
214 2155 303 2186 Stud.
329 2156 365 2186 N.
392 2156 586 2195 Wulfsberg.
634 2155 711 2186 Mihi
738 2165 802 2186 non
831 2155 960 2186 dubium
993 2159 1056 2195 est,
1087 2156 1161 2195 quin
1186 2159 1332 2187 occurrat
1355 2157 1496 2196 pluribus
1522 2157 1598 2187 locis
1625 2156 1722 2187 Scan-

99 2206 238 2237 dinaviae
261 2217 289 2237 v.
315 2216 339 2237 c.
365 2206 396 2237 in
422 2207 606 2238 Gotlandia.

98 2278 157 2311 46.
212 2275 376 2310 Barbula
404 2281 556 2309 tortuosa
585 2275 655 2320 (L.)
676 2297 725 2300 —
744 2274 900 2320 Schimp.
930 2274 1015 2321 Syn.
1044 2287 1077 2322 p.
1111 2277 1192 2310 179.
1213 2297 1262 2301 ——
1280 2275 1340 2310 ΒΓ.
1370 2286 1440 2310 eur.
1469 2275 1539 2310 tab.
1572 2278 1652 2310 151.
1673 2299 1723 2302 —

264 2333 416 2368 Tortula
443 2337 606 2368 tortuosa
633 2333 773 2368 Hartm.
801 2333 856 2368 Fl.
885 2333 938 2368 ed.
969 2335 1005 2377 9,
1034 2345 1067 2380 p.
1097 2335 1154 2368 59.

248 2403 299 2435 Ad
323 2413 417 2444 rupes
439 2407 470 2435 et
492 2407 600 2445 petras
626 2404 791 2434 calcareas
815 2404 958 2443 vulgaris
982 2414 1040 2445 per
1064 2408 1161 2435 totam
1186 2405 1251 2435 fere
1277 2404 1468 2436 Oelandiam
1493 2404 1531 2435 ab
1548 2404 1616 2435 Ahs
1634 2405 1723 2436 alvar

99 2465 200 2496 usque
224 2454 266 2485 ad
290 2454 407 2495 Hbgl)y
429 2473 472 2477 -—
496 2464 522 2485 e.
547 2454 582 2485 fr.
606 2473 649 2476 —
670 2454 708 2485 A.
733 2454 774 2484 M.
799 2454 834 2485 B.

249 2505 327 2536 Haec
357 2505 483 2545 speeies
515 2508 548 2535 ut
575 2505 713 2536 Barbula
741 2505 895 2536 inclinata
923 2504 1085 2545 praecipue
1115 2505 1242 2544 copiose
1273 2505 1389 2535 crescit
1417 2505 1448 2536 in
1480 2505 1603 2545 campis
1628 2505 1721 2537 (lictis

97 2556 210 2596 AIvar,
238 2555 290 2586 ubi
312 2559 420 2586 tamen
443 2565 570 2596 semper
594 2555 713 2586 sterilis
742 2565 816 2586 esse
842 2555 976 2587 videtur.
1023 2555 1058 2586 In
1082 2555 1161 2585 locis
1184 2556 1341 2586 umbrosis
1360 2565 1423 2586 non
1446 2565 1518 2586 raro
1542 2556 1720 2588 fructificat.
