2134 3034
439 173 483 206 12
1012 169 1057 204 N.
1084 167 1168 205 JOH.
1197 169 1381 214 Setinum,

539 271 579 308 O.
607 272 649 307 F.
675 272 814 307 NYMAN
841 271 877 306 in
905 270 1055 319 Sylloge
1081 270 1181 307 florae
1207 270 1398 317 Europaeae
1426 271 1574 317 ejusque
1605 270 1860 318 Supplemento
1889 271 2011 318 (OEre-

384 331 484 366 broae
514 332 781 376 1854—1855,
813 330 924 380 1865)
954 334 1139 366 enumerat
1164 330 1200 365 in
1227 330 1375 377 Europa
1407 329 1607 366 habitantia
1641 334 1713 365 tres
1747 329 1947 366 Sieversias
1976 334 2012 366 et

384 389 548 425 undecim
578 389 668 426 Gea.

536 449 578 484 R.
612 458 662 484 DE
695 448 845 484 VISIANI
877 451 913 483 et
945 447 980 484 J.
1007 448 1151 484 PANCIC
1178 448 1214 484 in
1241 448 1383 484 Plantis
1411 447 1570 485 Serbieis
1599 448 1778 497 (Venetiis
1810 450 1921 495 1862)
1950 448 2010 484 de-

383 508 605 555 scripserunt
639 508 753 543 Geum
780 509 890 543 molle.

537 566 664 603 SCHUR
691 567 727 602 in
754 567 960 603 Enumerat.
988 567 1097 614 plant.
1121 566 1407 603 Transsilvaniae
1436 567 1605 614 (Vindob.
1633 569 1744 613 1866)
1772 578 1901 603 novam
1928 577 2010 613 pro-

383 626 504 673 posuit
536 626 694 673 speciem
735 626 850 662 Geum
881 628 1071 671 robustum,
1109 625 1203 673 quod
1233 626 1319 661 mihi
1345 627 1507 673 ignotum
1535 631 1592 662 est
1623 630 1659 662 et
1686 625 1766 662 Geo
1794 626 1930 661 urbano
1958 626 2009 661 vi-

385 685 488 721 detur
514 685 620 721 nimis
649 685 767 721 affine.

536 745 704 791 Denique
731 745 895 781 KERNER
920 745 957 780 in
985 744 1218 781 OEsterreich.
1246 745 1316 781 bot.
1351 744 1558 780 Zeitschrift
1589 744 1694 779 Anno
1726 746 1821 780 1867
1850 744 2009 791 descrip-

384 804 432 840 sit
468 804 582 839 Gezcm
617 805 800 852 tyrolense‚
836 804 931 851 quod
966 804 1151 851 opinamur
1186 815 1268 840 esse
1300 804 1460 850 plantam
1493 803 1693 851 hybridam.
1753 803 1892 839 Eodem
1926 803 2008 839 loco

384 863 501 900 Geum
529 864 774 911 pyrenaicum,
805 864 850 900 Gr.
879 864 1081 900 silvaticum
1109 868 1144 899 et
1171 862 1216 899 Gr.
1243 868 1449 898 montanum
1477 863 1678 898 accuratius
1707 862 1967 898 describuntur.

537 922 686 970 Species
727 923 903 969 Greorum⁷
937 934 1017 969 quae
1047 924 1124 970 jam
1163 923 1320 969 cognitae
1359 926 1455 967 sunt,
1489 922 1526 957 in
1562 922 1631 958 hac
1670 922 1822 957 historia
1863 921 2009 968 generis

383 982 623 1018 tractavimus.
679 982 886 1030 Synonyma
925 983 1045 1018 omnia
1078 986 1241 1029 repetere
1281 982 1427 1028 longum
1475 985 1539 1017 est.
1595 981 1665 1026 Qui
1706 981 1909 1017 accuratius
1951 993 2009 1017 co-

383 1053 560 1089 gnoscere
588 1042 674 1078 velit
701 1042 862 1086 nomina,
892 1042 1020 1088 quibus
1047 1041 1128 1077 aliis
1156 1042 1219 1077 alii
1254 1045 1419 1077 auctores
1450 1041 1507 1076 usi
1541 1045 1637 1085 suut,
1672 1040 1779 1076 adeat
1810 1041 1869 1076 vel
1902 1052 2008 1088 syno-

381 1114 491 1150 nyma
515 1102 582 1138 sub
610 1102 764 1148 singulis
792 1102 983 1149 speciebus
1011 1101 1122 1137 allata
1150 1101 1208 1136 vel
1236 1100 1389 1136 indicem
1418 1100 1619 1147 specierum
1648 1104 1683 1135 et
1710 1111 2007 1148 synonymorum,

384 1173 464 1208 quae
491 1161 573 1196 huic
599 1160 790 1208 prodromo
820 1160 964 1208 adjecta
992 1164 1056 1196 est.

753 1363 1139 1402 DISTRIBUTIO
1183 1363 1623 1401 GEOGRAPHIOA.

535 1460 661 1497 Genus
690 1459 850 1496 Georum
876 1458 1031 1506 pertinet
1058 1458 1105 1493 ad
1133 1470 1193 1504 ea,
1223 1470 1370 1505 quorum
1404 1459 1546 1506 species
1582 1460 1619 1496 in
1653 1461 1818 1497 omnibus
1845 1461 2008 1508 partibus

382 1524 555 1556 terrarum
583 1520 762 1555 habitant:
790 1518 827 1554 in
852 1518 1014 1565 plurimis
1042 1518 1200 1566 Europae
1226 1518 1351 1564 terris3
1380 1517 1415 1553 in
1444 1519 1572 1566 Africa
1597 1520 1751 1556 maxime
1780 1519 2008 1556 occidentali-

383 1580 519 1617 boreali
547 1583 654 1626 atque
681 1579 716 1614 111
744 1578 992 1614 Promontorio
1020 1577 1125 1614 1101136
1153 1577 1248 1625 5Ρ61;
1276 1577 1313 1612 111
1340 1578 1430 1612 Asia
1457 1579 1638 1626 praecipue
1666 1579 1802 1615 boreali
1831 1582 1866 1614 et
1891 1579 1928 1614 in
1948 1591 2005 1626 63,

383 1651 463 1686 quae
491 1639 618 1674 dicitur
644 1638 776 1683 Minor,
807 1637 871 1673 sed
900 1637 1008 1672 etiam
1035 1637 1072 1672 in
1098 1637 1179 1673 aliis
1207 1636 1429 1683 regionibus,
1459 1642 1612 1685 excepta
1638 1638 1757 1674 media
1780 1642 1881 1685 parte
1901 1643 2007 1685 atque

381 1697 763 1743 orientali—australi3
796 1697 832 1732 in
867 1697 1034 1732 Ameriea
1067 1696 1150 1732 inde
1185 1697 1230 1732 ab
1264 1696 1504 1732 Unalasehka
1537 1701 1572 1732 et
1603 1697 1792 1733 Labrador
1819 1710 1932 1745 usque
1961 1699 2008 1735 ad

381 1759 510 1794 fretum
542 1757 836 1804 Magellanicum⁷
865 1756 1025 1803 exceptis
1051 1767 1165 1802 regno
1193 1755 1399 1801 Mexicano,
1424 1755 1594 1792 Ameriea
1613 1757 1760 1792 centrali
1781 1762 1817 1793 et
1833 1757 2007 1805 Brasilia3

381 1818 419 1854 in
453 1817 639 1853 Australz'a
674 1820 709 1851 et
741 1816 936 1863 reqiom'bus
970 1815 1187 1850 Antarctz'cz‘s
1219 1815 1408 1851 nonnullas
1444 1826 1584 1862 quoque
1619 1816 1761 1863 species
1794 1816 2005 1854 invenimus.

382 1877 608 1923 Quamquam
636 1875 838 1911 distributio
868 1874 1014 1920 generis
1041 1874 1289 1921 geographica
1320 1878 1392 1910 tam
1426 1879 1530 1910 vasta
1562 1879 1618 1910 est
1653 1878 1760 1922 atque
1795 1876 1863 1912 hoc
1890 1888 2006 1923 genus

376 1938 459 1985 Jure
491 1937 642 1971 refertur
674 1934 720 1969 ad
754 1933 832 1978 illa,
867 1945 947 1980 quae
976 1937 1149 1969 vocantur
1184 1934 1473 1980 cosmopolitica,
1506 1934 1666 1981 superbit
1697 1938 1817 1970 tamen
1850 1947 1921 1971 non
1955 1936 2006 1971 ita

380 1996 501 2032 multis
529 1995 729 2042 speciebus.
783 1993 1020 2030 Plurimorum
1049 2004 1238 2039 generum⁷
1275 2004 1355 2039 quae
1388 1998 1470 2029 sunt
1503 1994 1657 2029 omnium
1689 1998 1862 2029 terrarum
1891 1995 2004 2042 cives,

379 2066 548 2092 numerus
584 2054 784 2101 specierum
817 2053 910 2089 solet
943 2064 1024 2088 esse
1060 2053 1175 2099 major
1205 2052 1263 2087 vel
1299 2052 1492 2099 maximus3
1525 2064 1606 2099 quae
1639 2054 1769 2099 regula
1801 2058 1839 2089 ut
1874 2055 2003 2091 multas

379 2115 489 2151 habet
507 2113 752 2160 exceptiones,
773 2113 826 2149 sic
846 2113 952 2148 etiam
970 2113 1007 2148 in
1026 2123 1174 2159 genere,
1196 2111 1240 2146 de
1260 2123 1328 2158 quo
1349 2112 1526 2158 quaeritur.
1572 2111 1698 2148 Genus
1721 2112 1879 2149 Georum
1899 2113 2007 2150 habet

380 2186 482 2211 suum
509 2177 667 2209 centrum
696 2172 732 2207 in
757 2183 850 2208 zona
875 2171 1009 2218 frigida
1037 2176 1073 2207 et
1098 2174 1298 2218 temperata
1326 2170 1528 2217 frigidiore,
1563 2171 1656 2206 intra
1684 2172 1841 2218 tropicos
1868 2176 2004 2208 tantum

378 2245 486 2269 unam
515 2233 618 2268 offert
645 2231 812 2278 speciem.

532 2291 585 2328 Ut
613 2291 819 2326 universum
852 2300 968 2336 genus
1002 2293 1118 2325 terras
1153 2288 1359 2335 frigidiores
1394 2288 1546 2335 diligere
1581 2289 1733 2335 videtur7
1762 2289 1813 2324 ita
1840 2289 2004 2336 plurimae

380 2351 522 2399 species
551 2354 633 2386 sunt
660 2349 791 2397 alpinae
818 2350 876 2384 vel
904 2348 1122 2396 subalpinae3
1151 2348 1204 2384 sic
1232 2348 1322 2383 inter
1348 2359 1536 2394 europaeas
1561 2348 1675 2383 Geum
1693 2355 1836 2396 reptans
1854 2348 1890 2384 in
1909 2360 2003 2384 sum-

379 2411 448 2446 mis
482 2410 614 2457 alpium
642 2409 746 2455 jugis
778 2408 951 2453 nascitur,
993 2408 1036 2445 G.
1065 2414 1291 2452 montanum,
1332 2407 1377 2442 G.
1403 2408 1682 2456 micropetaluum
1723 2408 1766 2443 G.
1793 2409 2004 2450 coccineum,

385 2470 430 2508 G.
458 2470 641 2517 tyrolense,
682 2469 725 2504 G.
747 2468 996 2516 pyreozaicum,
1036 2467 1080 2502 G.
1107 2467 1318 2502 inclinatum
1356 2470 1391 2502 et
1427 2467 1471 2502 G.
1499 2468 1759 2514 heterocarpum
1793 2468 1849 2503 vel
1882 2467 2004 2515 alpina

379 2528 438 2563 vel
466 2527 656 2575 subalpina
684 2532 775 2563 sunt.
829 2526 924 2571 Quin
947 2527 1055 2563 etiam
1074 2525 1253 2562 nonnullae
1272 2526 1414 2572 species
1440 2531 1739 2574 extra-europaeae
1758 2526 1894 2562 eisdem
1912 2527 2003 2563 locis
