2134 3034
577 235 697 271 Musei
725 245 769 271 ET
797 236 1005 272 HEPATICAE
1034 237 1254 274 OELANDIAE.
1625 241 1668 274 31

100 337 180 371 149.
235 336 509 383 Ευ]’]ιμ)ισ]ι’ἰῑιηι
538 337 771 382 myosuroides
800 336 925 383 (Dill.).
954 360 1003 362 —
1042 338 1196 384 Schinlp.
1226 338 1309 385 Syn.
1339 351 1369 385 p.
1401 342 1483 376 549.
1511 362 1559 365 —-
1588 340 1725 376 Isotlle-

290 394 382 429 cium
410 393 660 440 myosuroides
688 394 745 429 ΒΓ.
777 406 847 431 eur.
877 396 945 432 tab.
975 398 1057 431 543.
1078 419 1126 422 —
1146 396 1294 431 Leskea
1321 398 1568 444 myosuroides
1588 398 1725 436 Hartm.

292 452 345 487 Fl.
375 451 427 487 ed.
459 454 495 496 9,
526 463 560 497 p.
590 454 647 487 23.

252 526 489 558 Tantummodo
513 531 673 567 repertum
699 527 730 558 in
754 528 845 559 Beda
868 529 1053 570 kronopark
1079 530 1119 560 ad
1138 530 1265 571 lapides
1283 535 1314 562 et
1330 531 1456 563 radices
1474 532 1618 564 arborum
1637 533 1726 564 silvae

99 579 247 611 abietinae
271 579 533 618 Bogateskogen.
559 597 597 600 ——
623 578 658 609 B.

104 659 184 694 150,
239 655 510 703 Ewhynclzium
540 656 725 702 strz'yosmn
753 655 915 702 (Hoffm.)
947 678 993 681 —
1022 657 1175 704 Schimp.
1206 660 1288 706 Syn.
1317 672 1350 706 p.
1379 662 1460 696 550.
1490 683 1538 686 —
1565 661 1624 696 Er.
1654 672 1724 697 eur.

293 715 364 750 tab.
394 716 478 751 519.
509 736 559 739 -—
586 713 756 761 Hypnum
785 714 980 759 strigosum
1007 715 1144 752 Hartm.
1172 717 1225 753 Fl.
1255 718 1306 754 ed.
1338 721 1376 763 9,
1404 732 1437 767 p.
1470 722 1499 755 7.

251 790 301 822 Ad
326 793 457 829 terram,
484 789 611 820 radices
637 789 783 819 arborum
809 792 840 819 et
864 799 943 820 saxa
969 800 1078 830 parce,
1104 792 1259 824 hactenus
1284 794 1487 826 observatum
1517 796 1603 826 cirea
1626 796 1726 835 Borg-

101 842 202 881 holm,
225 851 253 873 v.
278 851 304 872 c.
329 841 361 871 in
385 841 544 881 quel-cetis
567 849 666 880 prope
690 849 777 870 mare
800 840 965 871 meridiem
990 851 1102 873 versus
1127 847 1157 874 et
1181 845 1211 874 in
1234 845 1381 885 Kopings
1407 846 1548 886 branter,
1574 856 1634 886 quo
1658 847 1727 877 loco

101 892 272 934 posteriori
294 903 363 923 var.
387 897 407 931 ρ’
430 892 633 922 imbricatum
657 890 814 931 (Schimp.
842 890 919 931 Syn.
943 892 962 922 l.
987 892 1030 933 e.)
1054 893 1215 925 inventum
1240 900 1298 927 est.
1322 915 1361 918 —
1389 897 1429 928 M.

106 972 187 1005 151.
241 969 515 1015 Eurhyuclzium
544 968 745 1002 strz'atulmn
774 968 938 1016 (Spruec)
967 991 1016 995 —
1045 970 1198 1017 Schinip.
1229 971 1312 1018 Syn.
1340 985 1371 1019 p.
1403 975 1485 1008 552.
1508 996 1555 999 —
1574 973 1632 1009 ΒΓ.
1654 984 1725 1010 eur.

293 1027 362 1062 tab.
393 1027 476 1063 522,
504 1048 554 1051 —
581 1026 752 1073 Hypnum
779 1027 980 1063 striatulum
1006 1028 1143 1064 Hartm.
1170 1030 1224 1064 Fl.
1254 1031 1306 1067 ed.
1336 1034 1371 1076 9,
1401 1044 1433 1078 p.
1464 1034 1495 1067 7.

250 1103 301 1135 Ad
331 1112 426 1143 rupes
456 1102 623 1133 calcareas
654 1104 815 1144 praecipue
844 1103 876 1134 in
906 1104 1005 1135 latere
1036 1105 1175 1137 inferiori
1203 1116 1367 1145 saxorum,
1393 1108 1424 1139 in
1449 1107 1573 1138 fissuris
1599 1107 1726 1147 spelun-

101 1165 210 1186 carum
234 1154 413 1194 rarissime,
439 1158 470 1185 et
498 1157 620 1184 tantum
644 1158 804 1194 repertum
831 1154 863 1185 in
894 1155 1043 1195 Kopings
1068 1157 1210 1196 branter,
1236 1158 1285 1189 ubi
1310 1159 1449 1199 pluribus
1475 1159 1552 1189 locis
1575 1158 1725 1198 occurrit,

101 1216 200 1248 parce
224 1209 346 1244 tamen,
373 1215 435 1235 una
462 1214 532 1235 eum
562 1205 716 1235 leamm'o
741 1206 919 1245 alopecuro.
943 1225 985 1228 —
1008 1207 1049 1238 M.

251 1256 418 1296 Pleraeque
443 1256 568 1296 species
594 1265 748 1295 generum
772 1258 995 1299 Braclzytlzeciz'
1023 1262 1054 1288 et
1084 1259 1288 1297 Euo-hyadae·
1317 1259 1410 1290 valde
1440 1260 1613 1291 variabiles
1638 1265 1725 1299 sunt,

101 1307 186 1348 quod
209 1307 302 1338 facile
326 1307 489 1338 observari
520 1308 627 1346 potest
655 1307 686 1337 in
717 1307 886 1347 speciebus
918 1308 1165 1348 vulgatissimis,
1196 1319 1225 1339 v.
1251 1319 1276 1340 e.
1302 1311 1529 1351 Brachytlzecio
1553 1312 1726 1346 salebroso,

99 1359 329 1400 Braclrythecz'o
363 1358 530 1393 rutabulo,
569 1358 774 1399 Eurhgsnchz'o
804 1358 967 1399 proelongyo
1015 1359 1108 1396 Quod
1144 1360 1185 1391 ad
1219 1370 1321 1400 genus
1358 1362 1562 1400 Eurhynchiz·
1599 1362 1726 1401 attinet,

100 1410 178 1442 folia
206 1408 350 1450 ejusdem
381 1408 566 1449 speciminis
603 1407 776 1439 admodum
811 1409 936 1440 variant
970 1410 1076 1450 quoad
1109 1410 1255 1450 formam,
1288 1414 1320 1441 ut
1349 1411 1424 1442 folia
1454 1413 1609 1443 ramulina
1642 1413 1726 1444 foliis

101 1461 237 1492 caulinis
256 1459 426 1490 dissimilia
448 1460 519 1490 sint.
567 1459 660 1490 Folia
682 1461 886 1499 Eurhynchz‘i
909 1461 1057 1491 striatuli
1080 1461 1206 1492 variant
1230 1462 1261 1492 in
1285 1462 1422 1494 diversis
1447 1464 1577 1494 ramulis
1602 1467 1633 1494 et
1656 1473 1727 1504 spe-

101 1511 269 1544 ciminibus
305 1509 410 1550 quoad
442 1509 690 1550 longitudinem,
727 1510 786 1541 sed
821 1514 1000 1551 congruunt
1034 1512 1161 1542 omnino
1190 1513 1294 1553 quoad
1324 1515 1456 1545 formam
1488 1517 1521 1545 ut
1549 1514 1594 1545 ita
1624 1514 1727 1545 dicam

100 1561 391 1601 fundamentalem,
421 1571 494 1592 nam
524 1561 632 1592 omnia
661 1562 737 1592 folia
765 1561 884 1592 habent
912 1562 1003 1593 basin
1033 1562 1129 1593 latam
1166 1566 1359 1604 truncatam,
1391 1568 1424 1595 ut
1455 1565 1556 1596 forma
1584 1565 1727 1596 foliorum

100 1614 142 1645 sit
164 1612 344 1652 triangulus
368 1612 563 1652 aequicrurus
590 1612 661 1652 plus
685 1612 789 1643 minus
813 1613 993 1652 elongatus.

104 1691 185 1728 152.
238 1688 513 1735 Eurhyvchz'um
537 1689 700 1723 striarum
738 1689 913 1737 (Sehreb.)
942 1711 992 1714 —
1020 1689 1174 1736 Schimp.
1204 1690 1286 1736 Syn.
1315 1703 1347 1737 p.
1378 1693 1460 1727 553.
1487 1715 1536 1718 ——
1563 1693 1728 1741 Eurhyn-

294 1748 410 1782 chium
446 1747 665 1793 longirostre
698 1747 757 1784 ΒΓ.
787 1759 858 1784 eur.
893 1748 962 1784 tab.
999 1749 1082 1783 523.
1109 1770 1158 1773 —
1185 1748 1356 1795 Hypnum
1391 1750 1552 1786 striatum
1588 1752 1727 1790 Hartm.

294 1806 348 1841 Fl.
379 1805 432 1842 ed.
462 1807 500 1850 9,
529 1817 562 1851 p.
594 1807 649 1842 13.

254 1876 305 1908 Ad
334 1880 452 1907 terram
482 1877 634 1908 silvarum
664 1877 807 1917 pluribus
838 1877 932 1916 loeis,
961 1887 990 1908 v.
1014 1887 1040 1908 c.
1072 1877 1306 1919 Ottenbylund‚
1331 1879 1459 1911 Saxn'as
1483 1881 1515 1911 in
1540 1882 1621 1912 silva
1644 1883 1728 1913 abie-

101 1929 184 1968 tina,
208 1928 292 1958 inter
315 1926 408 1958 Stora
431 1927 496 1958 R'or
518 1931 549 1958 et
573 1928 679 1968 Ralla,
705 1928 797 1959 Boda
820 1928 1004 1969 kronopark
1030 1929 1171 1968 pluribus
1196 1930 1273 1961 locis
1299 1934 1332 1960 at
1354 1931 1516 1972 praecipue
1540 1931 1570 1962 in
1590 1932 1728 1973 Bogate-

102 1979 227 2018 skogen
251 1996 291 2000 ——
315 1987 341 2008 c.
366 1978 402 2009 fr.
428 1996 468 1999 —
491 1979 528 2009 A.
557 1978 597 2009 M.
621 1979 658 2010 B.

105 2049 187 2084 153.
240 2046 515 2093 Eurhynchz'um
549 2047 817 2081 crassinervium
851 2046 985 2094 (Tayl.)
1018 2068 1069 2071 —
1102 2046 1255 2093 Sohimp.
1291 2047 1375 2095 Syll.
1409 2061 1442 2096 p.
1481 2052 1563 2088 554.
1591 2075 1641 2078 —
1668 2054 1727 2091 ΒΓ,

293 2115 364 2141 eur.
392 2105 463 2141 tab.
493 2105 576 2141 529.
604 2127 654 2130 —
681 2105 854 2152 Hypnum
882 2104 1158 2139 crassinervium
1185 2104 1322 2141 Hartm.
1351 2107 1402 2144 Fl.
1433 2108 1486 2145 ed.
1517 2111 1554 2154 9,
1581 2123 1614 2158 p.
1646 2114 1676 2147 7,

251 2174 302 2206 Ad
326 2173 453 2214 lapides
478 2178 510 2205 et
533 2184 615 2206 saxa
638 2185 735 2216 parce
760 2179 918 2216 repertum
942 2176 974 2207 in
998 2175 1187 2216 Borgholms
1213 2177 1446 2211 slottsbranter.
1467 2199 1510 2202 —
1532 2182 1573 2213 M.

104 2253 185 2287 154.
239 2251 514 2299 Eurhynchz'um
549 2252 724 2287 Vauclzeri
750 2252 904 2298 Sohimp.
935 2252 1019 2299 Syn.
1047 2265 1080 2299 p.
1111 2255 1193 2290 556.
1214 2277 1264 2280 ——
1291 2255 1349 2290 Br.
1379 2267 1452 2294 eur.
1480 2259 1549 2294 tab.
1572 2260 1654 2296 530.
1679 2282 1728 2285 —

292 2309 464 2356 Hypnum
491 2310 677 2346 Vaucheri
705 2310 843 2347 Hartm.
871 2311 902 2345 F
905 2311 926 2348 l.
955 2310 1009 2347 ed.
1040 2312 1079 2355 9,
1107 2323 1141 2357 p.
1171 2313 1201 2348 9.

254 2383 304 2415 Ad
328 2384 454 2425 lapides
483 2385 515 2416 in
539 2385 729 2425 Borgholms
755 2385 977 2416 slottsbranter
1000 2385 1095 2417 valde
1119 2386 1285 2428 frequens,
1311 2387 1370 2418 sed
1393 2398 1548 2429 nusquam
1576 2391 1651 2422 alibi
1675 2392 1728 2423 ob-

102 2438 263 2466 servatum
286 2452 327 2456 —
352 2444 378 2466 c.
403 2435 440 2467 fr.
463 2454 504 2458 —
527 2436 568 2466 M.

103 2504 184 2539 155.
239 2503 513 2550 Eurhynchium
537 2504 720 2551 pilz‘ferum
744 2504 921 2553 (Schreb.)
951 2526 999 2529 —
1028 2503 1183 2551 Schimp.
1212 2505 1295 2553 Syn.
1325 2518 1357 2552 p.
1387 2508 1469 2543 557.
1493 2530 1543 2533 —
1569 2509 1628 2545 ΒΓ.
1655 2522 1726 2548 eur.

288 2562 358 2599 tab.
388 2563 471 2598 531.
499 2584 549 2587 —
576 2562 747 2610 Hypnum
773 2562 951 2609 piliferum
978 2562 1116 2598 Hartm.
1144 2563 1198 2599 Fl.
1225 2563 1279 2599 ed.
1310 2566 1347 2608 9,
1376 2577 1409 2611 p.
1440 2567 1470 2602 8.
