2134 3034
449 169 469 203 8
1026 166 1071 201 N.
1099 164 1184 201 ιῙΟΗ.
1212 165 1397 210 Souania,

560 268 746 304 Praeterea
779 268 880 304 initio
910 267 1049 313 saeculi,
1079 278 1147 313 quo
1176 267 1345 314 vivimus,
1367 267 1598 304 COMMERSON
1626 268 1789 304 distinxit
1816 268 1861 305 G.
1886 269 2024 316 magel-

393 326 550 362 lanicum
585 326 682 373 (vide
715 329 838 374 supra)
874 330 910 362 et
948 327 1062 362 Geum
1081 328 1326 374 parviflorum.
1379 326 1673 362 LANGSDORFFIO
1702 327 1874 365 debemus
1907 328 2023 364 Geum

394 385 679 434 rotzmdifhlz'zcm,
721 386 928 422 MENZIEZIO
965 386 1079 421 Geum
1107 387 1350 434 calthz'folium,
1391 385 1483 421 ROB.
1517 385 1698 421 BROWNIO
1739 386 1852 422 Geum
1889 387 2021 433 Rossz'i,

393 445 440 480 M.
468 445 509 480 F.
538 444 710 481 ADAMsio
745 446 859 481 Geum
884 446 1050 493 ylacz‘ale2,
1069 445 1297 481 LAMARCKIO
1323 445 1436 480 Geum
1456 451 1602 485 nutans,
1622 444 1884 482 SCHLEICHERO
1909 446 2024 481 Geum

393 504 605 539 inclinatam
633 509 669 540 et
695 504 959 541 WAHLBERGIO
991 504 1106 539 Geum
1133 505 1274 540 hirtum.
1315 503 1434 540 Geum
1460 503 1620 539 strictum
1646 503 1774 539 iterum
1804 504 2023 551 descriptum

394 567 450 599 est
478 568 659 610 tamquam
686 575 782 599 nova
810 564 970 611 species,
999 575 1103 610 quam
1125 563 1414 599 DESFONTAINES
1441 562 1639 598 nominavit
1668 563 1783 599 Geum
1810 565 2022 612 lzeterophyl-

394 623 467 658 lum
495 627 530 658 et
557 622 708 658 BESSER
740 623 855 658 Geum
882 623 1141 658 intermedium.

562 682 834 725 TRATTINNICK,
871 681 1115 717 Rosacearum
1150 681 1436 728 monographus,
1474 682 1578 718 annis
1612 682 1862 718 1823—1824
1887 683 1924 718 in
1956 682 2023 730 Sy-

391 740 485 777 nodo
513 741 683 777 botanica
711 740 871 777 exhibuit
896 741 1141 788 undetriginta
1170 741 1311 787 species
1340 740 1517 787 Georum,
1547 741 1718 787 ''quorum
1746 740 1842 776 circa
1869 741 2023 787 plurima

392 800 501 836 dubia
529 805 563 836 et
586 800 825 836 obscuritates
853 800 1109 836 observa11tur''
1137 822 1187 827 —
1215 811 1260 835 ex
1284 799 1543 836 Trattinniekii
1572 800 1672 847 praef.
1701 799 1788 835 tomi
1814 800 1909 835 tertii
1936 811 2021 847 pag.

392 859 630 896 VII—circa
659 859 778 895 Geum
807 860 942 905 album,
973 858 1018 895 G.
1034 859 1291 905 virginianum,
1321 858 1366 895 G.
1384 864 1532 904 nutans,
1553 859 1862 906 G.py1·enaicum,
1892 858 1938 895 G.
1961 859 2023 894 he-

392 918 629 963 deraefolium,
673 918 718 955 G.
747 918 894 964 Peckii,
937 917 982 954 G.
1011 918 1199 963 triflorum,
1242 917 1287 954 G.
1315 918 1596 963 rotundifolium,
1640 917 1685 954 G.
1715 918 1935 963 coceineum,
1974 917 2021 955 G.

390 978 666 1023 involucratum,
696 977 741 1014 G.
770 978 1064 1024 magellanicum,
1100 977 1145 1014 G.
1175 978 1348 1024 glaciale,
1377 977 1422 1014 G.
1451 978 1708 1024 §.geniculatum⁷
1752 976 1797 1013 G.
1827 977 2022 1024 agrimoni-

392 1037 508 1081 oides,
536 1037 581 1073 G.
608 1037 765 1073 eiliatum
791 1041 826 1072 et
853 1036 898 1073 G.
928 1036 1114 1072 radiatum.
1168 1036 1344 1072 Dubitare
1372 1048 1512 1083 quoque
1539 1037 1679 1072 videtur
1699 1036 1766 1071 ’'de
1793 1036 2022 1082 legitimitate

391 1097 558 1143 generis⁷⁷
593 1108 673 1132 cum
707 1095 778 1132 Gei
807 1096 982 1143 reptantis
1017 1100 1052 1131 et
1085 1095 1195 1131 totius
1228 1095 1336 1131 seriei
1370 1096 1519 1142 quintae,
1554 1100 1627 1131 tum
1656 1095 1763 1130 etiam
1792 1094 1837 1131 G.
1866 1096 2022 1142 agrimo-

391 1155 521 1192 nioidis
558 1160 593 1191 et
625 1155 670 1192 G.
699 1156 841 1191 radiati.
897 1154 993 1200 Quid
1029 1154 1147 1191 Geum
1176 1154 1388 1190 helveticum
1418 1154 1614 1199 Schleich.,
1644 1154 1689 1191 G.
1718 1154 1893 1190 hirsutum
1919 1155 2021 1191 Muh-

391 1215 484 1251 lenb.
514 1219 549 1251 et
577 1214 622 1251 G.
650 1215 780 1250 hirtum
814 1214 958 1251 Wahlb.
994 1214 1080 1260 sint,
1117 1226 1156 1250 se
1191 1214 1351 1261 ⁷'penitus
1385 1214 1573 1260 ignorare''
1601 1215 1739 1250 fatetur.
1793 1214 1859 1249 Ille
1886 1214 2022 1261 primus

391 1275 586 1321 descripsit
629 1274 743 1310 Geum
786 1275 1182 1321 Portensclzlayianum,
1226 1273 1385 1320 speciem
1425 1274 1592 1309 omnibus
1634 1273 1795 1318 dubiam,
1827 1274 1954 1321 paucis
1990 1274 2023 1310 si

391 1334 556 1381 cuiquam
592 1333 785 1379 cognitam.
815 1356 865 1360 —
892 1333 1149 1379 Undetriginta
1183 1332 1326 1379 species
1361 1332 1523 1369 Georum
1551 1333 1673 1369 divisit
1698 1333 1734 1368 in
1761 1332 1797 1369 V
1824 1332 2020 1378 sectiones,

390 1393 507 1429 miuus
548 1393 747 1428 naturales:
782 1404 931 1439 quarum
963 1394 1088 1440 prima
1122 1392 1355 1439 Murrayana
1392 1392 1514 1439 (flores
1545 1392 1728 1428 numerosi
1755 1392 1874 1438 parv13
1899 1393 2022 1428 aristae

390 1453 561 1498 hamatae,
601 1452 688 1488 folia
721 1452 853 1500 lyrata)
887 1452 1043 1487 continet
1071 1451 1116 1488 G.
1143 1452 1315 1487 urbanum
1344 1452 1403 1497 L.,
1433 1451 1478 1488 G.
1509 1452 1713 1488 canadense
1740 1451 1863 1497 Mum,
1894 1451 1940 1488 G.
1963 1453 2021 1499 ja.-

390 1512 557 1560 ponicum
585 1511 744 1557 Thunb.,
775 1510 820 1547 G.
849 1511 1132 1559 macrophyllum
1160 1510 1300 1556 Willd.,
1331 1509 1375 1546 G.
1396 1511 1784 1557 Portenschlagianum
1812 1511 1946 1557 Tratt,
1973 1510 2019 1548 G.

390 1572 511 1607 album
546 1570 681 1616 Gmel,
724 1569 770 1606 G.
798 1570 1040 1616 virginianum
1073 1570 1131 1616 L.3
1171 1570 1323 1605 secunda
1356 1570 1587 1606 Gmelz'niana
1616 1570 1739 1616 (flores
1768 1571 2019 1615 sublimantes,

391 1630 591 1665 aurantiaci
624 1628 689 1665 vel'
716 1630 902 1676 rubentes3
935 1630 1057 1677 petala
1085 1629 1145 1665 vix
1172 1629 1352 1676 patentia,
1384 1630 1509 1677 calyce
1536 1641 1606 1665 non
1635 1631 1788 1676 majora,
1817 1630 1940 1667 aristae
1966 1631 2020 1678 pi-

390 1690 480 1725 losae
505 1689 622 1725 medio
657 1689 882 1737 tol·tae„'1]0n
916 1689 1085 1735 hamatae,
1123 1689 1211 1724 folia
1243 1689 1375 1736 lyrata)
1403 1689 1513 1724 habet
1539 1688 1584 1725 G.
1609 1689 1722 1725 rivale
1750 1689 1809 1733 L..
1839 1688 1885 1725 G.
1913 1690 2021 1726 inter-

390 1748 545 1784 medium
573 1748 713 1792 Willd.,
748 1747 793 1784 G.
821 1752 951 1783 nutans
979 1748 1092 1792 Poir.,
1128 1747 1173 1784 G.
1202 1748 1433 1795 pyrenaicum
1462 1748 1584 1784 Willd.
1614 1753 1650 1783 et
1677 1747 1722 1785 G.
1751 1748 2020 1785 hederaefolium

391 1807 526 1853 Gmel.;
556 1808 658 1843 tertia
686 1808 989 1856 Desfontaim'ana
1018 1807 1175 1853 (villosa,
1204 1807 1416 1854 pauciflora‚
1446 1807 1683 1853 grandifiora,
1713 1808 1896 1855 speciosa3
1923 1809 2021 1845 foliis

389 1866 534 1914 lyratis3
562 1867 682 1903 aristae
710 1867 898 1913 plumosae,
934 1878 1003 1902 non
1032 1867 1200 1912 hamatae)
1230 1867 1476 1913 complectitur
1504 1865 1549 1902 G.
1574 1871 1780 1903 montanum
1803 1867 1862 1912 L.,
1892 1867 1938 1904 G.
1967 1873 2020 1904 at—

389 1926 560 1961 lanticum
586 1926 706 1971 Desf.,
728 1926 773 1963 G.
789 1926 918 1962 Peckii
934 1926 1069 1970 Pursh,
1091 1924 1136 1961 G.
1153 1925 1324 1960 triflorum
1340 1925 1474 1970 Pursh,
1496 1925 1541 1962 G.
1558 1926 1825 1962 rotundifolium
1839 1927 2018 1974 Langsd,

390 1990 425 2020 et
454 1984 498 2021 G.
529 1986 734 2021 coccineum
762 1986 877 2022 Smith
905 1990 939 2020 et
967 1985 1100 2030 Simu,
1133 1992 1259 2032 quarta
1293 1985 1604 2020 Commersoniana
1633 1986 1855 2034 (scapigera,
1883 1988 2020 2023 umbel-

388 2045 476 2091 lata)
505 2045 650 2080 exhibet
677 2044 722 2081 G.
749 2045 1008 2080 involucratum
1036 2045 1138 2080 Pers.
1167 2049 1202 2079 et
1227 2043 1272 2080 G.
1299 2045 1575 2090 magellanicum
1602 2046 1722 2091 Pers.;
1751 2046 1872 2092 quinta
1905 2047 2019 2082 Θώνι-

388 2105 540 2140 neriam
582 2103 811 2150 (paucifloraq
851 2104 947 2139 foliis
986 2103 1143 2151 pinnatis
1183 2114 1250 2138 nec
1290 2103 1431 2151 lyratis)
1473 2105 1582 2140 habet
1614 2104 1659 2140 G.
1687 2110 1835 2152 reptans
1869 2105 1928 2152 L.,
1971 2105 2017 2143 G.

389 2163 644 2199 anemonoides
678 2162 814 2210 Willd.,
851 2162 897 2200 G.
929 2162 1196 2211 potentilloides
1230 2162 1317 2203 Ait..
1358 2161 1402 2199 G.
1432 2163 1611 2210 hispidum
1636 2163 1696 2199 Fr.
1725 2167 1760 2199 et
1789 2163 1834 2200 G.
1863 2166 2020 2211 glaciale

388 2223 536 2258 Adams.
572 2222 739 2268 Denique
768 2228 1018 2259 enumerantur
1046 2222 1187 2270 species
1216 2222 1332 2257 minus
1359 2223 1531 2268 cognitae:
1562 2222 1606 2259 G.
1623 2223 1867 2269 geniculatum
1886 2226 2016 2262 Michx.

390 2281 435 2318 G.
465 2281 748 2328 agrimonioides
776 2282 910 2327 Pursh,
942 2281 986 2318 G.
1016 2282 1174 2317 ciliatum
1203 2282 1338 2325 Pursh,
1368 2280 1414 2317 G.
1446 2282 1622 2317 radiatum
1650 2283 1782 2318 MichX.
1836 2284 1918 2320 Hac
1951 2285 2017 2321 dif-

388 2353 455 2377 usa
482 2341 745 2387 monographia
786 2341 944 2387 cognitio
985 2341 1143 2377 Georum
1177 2352 1249 2376 non
1283 2344 1419 2376 tantum
1458 2347 1622 2387 promota
1662 2346 1732 2388 est,
1776 2347 1945 2389 quantum
1973 2355 2020 2379 ex

389 2411 497 2447 opere
525 2404 599 2435 tam
627 2411 759 2445 magno
800 2412 948 2447 sperare
994 2400 1108 2446 licuit,
1149 2412 1266 2448 pauca
1309 2400 1402 2435 enim
1451 2411 1544 2436 nova
1586 2401 1759 2448 continet,
1788 2402 1928 2438 detecta
1955 2415 2017 2439 an-

388 2464 610 2495 tecessorum
640 2459 827 2505 colligens.

556 2518 756 2555 SPRENGEL
782 2518 819 2553 in
838 2518 1044 2565 Systemate
1066 2518 1336 2565 Vegetabilium
1353 2519 1460 2565 (Pars
1489 2520 1662 2564 secunda,
1695 2522 1805 2567 1825)
1835 2525 2020 2557 enumerat

387 2578 478 2614 XVI
505 2578 647 2625 species
677 2576 837 2614 Georum
866 2583 901 2613 et
925 2578 978 2614 VI
998 2577 1273 2623 Sieversiarum,
1295 2578 1423 2625 quibus
1444 2579 1479 2613 in
1498 2583 1601 2626 parte
1622 2584 1748 2626 quarta
1767 2580 1856 2616 duas
1877 2580 2018 2616 Siever-
