2134 3034
424 158 472 191 44
1001 155 1045 191 N.
1074 154 1158 191 JOH.
1187 154 1370 200 Seflnn'rz,

522 257 626 288 Habit.
672 258 793 288 Patria
817 259 937 298 ifflnota.
964 277 1002 281 —-
1029 257 1078 288 Ex
1106 256 1197 288 horto
1222 257 1349 298 Petrop.
1374 258 1490 288 cultum
1515 257 1546 288 in
1571 257 1662 289 horto
1685 258 1887 299 Upsaliensi,
1911 258 1996 290 unde

372 317 479 348 specc.
504 307 590 339 herb.
615 309 731 340 Fures.
777 311 870 340 Anno
898 310 979 340 1868
1003 309 1035 340 in
1060 308 1150 340 horto
1173 309 1236 340 bot.
1261 309 1431 340 Christian.
1457 309 1620 340 colebatur
1642 310 1681 349 (v.
1707 311 1757 353 νζ).

522 368 617 399 Haud
651 369 746 400 dubie
776 370 915 401 maxime
943 369 1039 400 affine
1069 368 1133 400 Geo
1157 370 1272 406 rivali,
1296 369 1457 411 praecipue
1481 369 1582 401 forma
1606 369 1716 400 florum
1743 373 1774 401 et
1797 371 1996 412 carpophoro

370 420 500 460 paulum
537 421 703 460 elongat03
739 420 797 451 sed
830 431 904 452 mox
940 420 1124 451 distinctum
1152 420 1281 452 floribus
1314 422 1428 452 erectis
1454 422 1504 452 vel
1529 421 1765 459 erectiusculis,
1790 422 1906 462 petalis
1931 432 1993 453 non

371 471 580 510 emarginatis
605 475 701 511 atque
726 472 810 503 foliis
835 472 1097 512 elegantioribus.
1125 491 1162 494 -
1190 472 1299 504 Caulis
1324 476 1355 503 et
1377 473 1471 514 calyx
1496 477 1528 504 ut
1551 473 1583 504 in
1608 472 1672 504 Geo
1696 473 1795 503 rivali
1819 473 1995 505 rubicundi.

370 522 463 553 Folia
488 523 813 564 pubescenti-pilosa,
835 523 991 555 radicalia.
1014 524 1273 565 pinnatipartita,
1298 524 1423 555 laciniis
1449 524 1701 565 subaequalibus,
1726 524 1850 556 duabus
1879 525 1995 557 infimis

370 574 495 614 parvis,
521 575 679 606 terminali
703 575 828 607 triloba.
874 576 968 607 Folia
993 576 1120 606 caulina
1144 576 1319 616 tripartita,
1341 576 1510 617 petiolata,
1529 576 1654 607 laciniis
1673 577 1888 608 acutiusculis.
1933 577 1995 608 Sti-

370 625 453 665 pulae
477 629 594 664 ovatae,
619 626 745 666 incisae,
770 627 900 659 virides.
937 628 1050 658 Flores
1074 628 1184 668 pauci,
1210 627 1272 658 duo
1296 628 1347 659 vel
1369 632 1449 668 tres,
1474 627 1673 668 terminales,
1700 629 1799 669 primo
1824 638 1995 669 campanu-

369 676 442 713 lati,
471 680 584 718 postea.
610 681 769 718 patentes.
815 679 957 711 Laciniae
986 679 1141 720 calycinae
1171 682 1426 720 atropurpureae,
1457 679 1913 720 eglanduloso-pubescentes,
1938 690 1996 721 pa—

369 732 490 767 tentes,
514 729 623 770 petala
647 729 770 761 rubella
793 734 969 771 aequantes.

522 791 593 821 Obs.
640 789 775 831 Species
800 791 954 822 sectionis
979 790 1388 832 Pseudo-Caryophyllatae
1412 791 1530 832 petalis
1552 790 1612 822 Gei
1635 792 1752 822 rivalis
1777 790 1937 823 distincta.
1956 810 1996 813 —

370 841 521 882 Carpella
545 845 619 873 sunt
642 842 760 873 similia
784 843 933 883 carpellis
957 842 996 873 G.
1022 843 1148 873 urbani.

819 1038 925 1075 SEOT.
954 1038 1016 1074 VI.
1072 1036 1558 1074 PSEUDO-SIEVERSIA

491 1125 525 1157 C.
551 1125 588 1156 A.
612 1125 695 1166 Mey.
720 1124 789 1156 Ind.
814 1133 890 1156 sem.
916 1124 995 1155 hort.
1019 1125 1146 1165 Petrop.
1171 1124 1236 1162 XI,
1261 1134 1291 1164 p.
1316 1125 1357 1155 52
1381 1123 1530 1166 (adjectis
1554 1123 1652 1154 variis
1677 1123 1870 1164 speciebus).

522 1218 640 1267 Calyx
673 1219 1086 1266 quinquebractcolatus,
1123 1223 1399 1265 erecto-patens.
1463 1218 1735 1266 Carpophorum
1773 1218 1902 1254 sessile
1935 1219 1994 1254 vel

367 1279 523 1314 breviter
560 1279 766 1326 stipitatum.
826 1278 918 1326 Styli
960 1278 1359 1324 annulato-geniculati,
1402 1278 1551 1314 articulo
1592 1278 1759 1313 inferiore
1799 1277 1993 1324 carpellum

368 1342 475 1385 atque
511 1338 600 1388 styli
628 1338 814 1374 articulum
848 1338 1067 1385 superiorem
1098 1342 1263 1384 aequante
1305 1337 1354 1383 (in
1396 1337 1441 1373 G.
1481 1338 1652 1374 inclinato
1694 1337 1780 1385 styli
1820 1338 1992 1385 plumosi‚

368 1409 478 1445 supra
505 1398 660 1433 mediam
694 1402 832 1445 partem
873 1397 1093 1444 geniculati).
1148 1397 1278 1433 Petala
1319 1397 1443 1445 calyce
1485 1397 1651 1433 distincte
1684 1399 1832 1444 maj0ra.
1886 1398 1993 1434 Folia

369 1457 544 1493 radicalia.
570 1457 992 1505 lyrato-pinnatipartita,
1029 1456 1170 1492 laciniis
1198 1456 1408 1492 lateralibus
1447 1457 1656 1504 plerumque
1683 1457 1884 1493 numerosis
1911 1470 1993 1505 par-

367 1516 440 1561 vis,
481 1517 658 1552 terminali
697 1517 854 1552 maxima
898 1517 1158 1552 subreniformi.
1225 1516 1331 1552 Folia
1375 1517 1517 1552 caulina
1557 1517 1710 1557 minora.
1754 1517 1864 1563 vulgo
1909 1517 1992 1553 sim-

366 1575 484 1622 plicia.
538 1576 667 1612 Flores
694 1576 865 1623 speciosi,
894 1575 1003 1611 erecti
1028 1576 1085 1610 vel
1113 1576 1362 1621 subnutantes,
1391 1575 1485 1611 flavi.

517 1661 641 1694 Plantae
665 1662 775 1694 habitu
799 1662 986 1703 Sieversiae3
1011 1662 1192 1693 accuratius
1216 1666 1410 1703 comparatae
1441 1662 1589 1694 videntur
1619 1662 1887 1700 distinctissimae,
1916 1672 1993 1703 qua-

367 1722 434 1743 rum
459 1716 605 1753 quattuor
630 1713 756 1754 species
780 1718 1014 1755 proponuntur,
1041 1713 1079 1744 G.
1101 1714 1297 1749 silvaticum,
1322 1713 1360 1744 G.
1375 1715 1599 1753 pyrenaioum,
1624 1714 1661 1745 G.
1687 1715 1874 1744 inclinatum
1900 1717 1931 1745 et
1954 1714 1994 1746 G.

366 1775 508 1806 capense,
526 1765 594 1806 jam
618 1768 714 1796 antea
738 1765 898 1797 distincta.
946 1765 1065 1796 Harum
1090 1764 1200 1795 ultima
1225 1765 1352 1805 species
1377 1769 1426 1796 est
1448 1766 1614 1806 capensis,
1640 1775 1703 1806 qua
1721 1768 1856 1806 excepta
1874 1766 1994 1796 nullum

367 1815 469 1847 Geum
492 1816 554 1847 nisi
578 1816 618 1849 G.
641 1818 823 1847 silvaticam
847 1817 878 1848 in
902 1817 1011 1848 Africa
1034 1817 1150 1847 lectum
1174 1819 1231 1847 est.
1255 1834 1296 1838 -
1320 1817 1482 1848 Praeterea
1507 1817 1568 1848 huc
1591 1817 1730 1858 pertinet
1759 1817 1797 1848 G.
1824 1818 1994 1857 tyrolense,

367 1867 450 1908 quod
474 1867 513 1898 G.
536 1868 690 1899 inclinato
715 1868 973 1910 subjungendum
995 1877 1122 1899 censeo.

367 1981 424 2016 25.
466 1979 598 2016 GEUM
633 1989 913 2017 SILVATIOUM
945 1980 1069 2016 Pourr.
1095 1980 1190 2015 foliis
1223 1979 1441 2015 radicalibus
1474 1979 1906 2031 lyrato—pinnatipartitis,
1941 1981 1992 2016 la.-

469 2040 572 2076 ciniis
600 2040 810 2076 lateralibus
840 2040 1012 2084 minimis,
1041 2039 1183 2086 paucis,
1213 2039 1461 2085 subrotundis3
1489 2039 1621 2075 lacinia
1639 2040 1816 2075 terminali
1836 2040 1993 2075 maxima

468 2099 760 2146 ovato-cordata;
789 2100 886 2136 foliis
917 2099 1068 2135 caulinis
1097 2099 1220 2145 parvis
1249 2098 1437 2145 tripartitis
1466 2098 1523 2133 vel
1556 2099 1695 2145 incisis3
1729 2099 1860 2146 petalis
1887 2099 1992 2135 flavis

467 2158 689 2205 obcordatis,
732 2160 856 2208 calyce
898 2162 1178 2205 erecto-patente
1220 2158 1326 2205 triplo
1366 2158 1606 2204 longioribus,
1641 2158 1701 2193 vix
1733 2159 1992 2205 unguiculatis3

470 2219 638 2265 carpellis
666 2219 832 2255 maximis
860 2217 1157 2266 pubescentibus3
1186 2217 1270 2265 styli
1298 2217 1448 2253 articulo
1476 2217 1642 2252 inferiore
1670 2217 1895 2263 longitudine
1915 2230 1992 2253 car-

467 2278 600 2323 pellum
635 2283 741 2325 atque
773 2278 859 2326 styli
891 2277 1076 2313 articulum
1112 2277 1333 2324 superiorem
1368 2276 1614 2324 subhispidum
1650 2280 1832 2322 aequante;
1867 2288 1992 2324 carpo-

467 2337 579 2383 phoro
608 2337 778 2384 elongato
807 2337 1036 2385 pilosissimo.

366 2426 444 2463 Syn.
469 2422 508 2454 G.
532 2425 698 2455 silvaticum
729 2427 828 2455 Pourr.
859 2428 922 2455 Act.
954 2427 1024 2454 toul.
1049 2435 1082 2453 ex
1106 2426 1174 2454 Dec.
1204 2426 1248 2454 Fl.
1278 2426 1379 2453 Franc.
1406 2426 1439 2458 5,
1472 2435 1499 2461 p.
1524 2425 1595 2453 544.
1620 2440 1660 2444 —
1685 2425 1754 2453 Dec.
1778 2424 1876 2452 Prodr.
1902 2425 1935 2458 2,
1961 2434 1990 2462 p.

538 2478 609 2506 552.
633 2494 673 2497 ——
698 2478 815 2506 Fischer
839 2481 866 2505 et
892 2478 1008 2505 Trautv.
1033 2477 1096 2505 Ind.
1123 2487 1189 2505 sem.
1219 2477 1293 2506 hort.
1323 2477 1436 2514 Petrop.
1462 2476 1521 2510 III,
1552 2487 1580 2514 p.
1605 2477 1644 2504 37
1669 2481 1698 2504 et
1721 2477 1749 2504 in
1773 2476 1892 2504 Linnaea
1918 2476 1990 2510 XII,

535 2539 562 2567 p.
590 2530 640 2558 96.
658 2545 697 2549 —-
715 2530 791 2567 Mey.
816 2528 880 2557 Ind.
905 2538 974 2556 sem.
998 2528 1071 2557 hort.
1096 2529 1210 2566 Petrop.
1235 2528 1291 2561 XI,
1318 2539 1345 2566 p.
1371 2529 1422 2557 36.
1440 2544 1479 2547 ——-
1498 2529 1582 2557 (iren.
1606 2531 1634 2555 et
1658 2528 1745 2556 Godr.
1769 2528 1813 2556 Fl.
1831 2527 1865 2555 de
1884 2528 1992 2556 France
