2134 3034
551 154 782 192 PRODROMus
810 156 1099 193 B'IONOGRAPHIAE
1127 157 1300 194 GEORUM.
1668 162 1689 195 5

121 256 206 303 quin
228 257 392 291 fateatur.
432 255 627 291 Botaniees
655 268 794 304 quoque
820 258 1015 305 primordia
1041 258 1124 294 inde
1151 260 1347 306 repetenda
1377 272 1475 305 esse,
1504 273 1608 297 nemo
1636 262 1742 297 facile

120 315 282 361 negabit.
317 314 422 359 Quod
451 326 535 350 vero
563 314 609 350 ad
638 326 754 360 genus
782 316 941 352 Georum
968 318 1107 362 attinet,
1138 317 1258 354 Graeei
1288 320 1394 366 plane
1423 320 1555 355 nullam
1585 321 1742 368 speciem

120 374 226 420 hujus
253 374 399 420 generis
428 385 707 409 commemorare
729 374 903 411 videntur.
956 376 1053 411 Inter
1081 376 1263 413 Romanos
1292 385 1424 424 autem,
1455 391 1544 426 quos
1568 384 1607 415 ut
1634 381 1741 415 etiam

119 431 272 468 Graecos
299 436 441 468 constat
468 443 530 468 eas
558 432 594 467 in
621 433 746 480 primis
776 433 982 470 distinxisse
1011 436 1168 481 plantas,
1198 448 1278 483 quae
1306 449 1372 473 11011
1394 438 1546 484 quodam
1566 439 1743 485 singulari

119 491 177 526 vel
204 491 362 536 medico,
391 491 449 526 vel
476 492 706 527 oeconomico
736 493 791 527 vel
819 492 981 528 teclinieo
1010 500 1132 529 esseut
1150 495 1330 541 insignes,
1353 497 1551 543 reperimus
1567 498 1740 544 PLINIUM,

119 550 233 585 virum
269 550 598 596 diligentissimum,
633 551 668 585 in
704 563 770 586 sua
803 551 963 587 Historia
990 553 1143 587 naturali
1172 565 1449 591 commemorare
1479 556 1611 602 Geum,
1647 558 1742 604 quod

118 613 216 644 certo
245 614 300 645 est
330 609 373 645 G.
401 610 580 644 urbanum
606 609 686 645 Lin.
740 609 882 645 Deinde
917 615 993 646 tota
1026 611 1145 647 media
1172 617 1294 657 aetate,
1323 615 1481 651 tenebris
1510 617 1639 662 offusa,
1670 621 1741 653 stu-

117 667 213 703 dium
254 668 438 704 botanices
479 668 586 715 plane
626 668 830 714 neglectum
871 674 940 715 est,
983 669 1097 705 donec
1129 683 1189 707 res
1222 673 1390 709 herbaria
1421 686 1493 709 una
1521 687 1599 710 011111
1627 676 1741 712 literis

118 725 260 762 Graecis
292 727 536 774 Romanisque
569 727 704 762 renatis
740 738 824 762 suos
862 728 969 763 etiam
1004 729 1159 765 cultores
1192 732 1382 768 recentiori
1417 738 1576 781 tempore
1607 735 1741 771 habere

117 785 245 832 eoepit.
300 785 361 822 Sic
402 791 524 833 patres
564 786 810 822 botanicorum
851 786 954 832 plura
993 787 1228 824 distinxerunt
1274 790 1370 837 Gea,
1415 804 1495 839 quae
1534 794 1740 830 reformatio

115 844 318 880 Linnaeana
357 845 416 880 vel
453 845 615 891 neglexit
653 845 710 880 vel
751 845 921 880 oblivioni
951 846 1105 882 tradidit.
1161 847 1315 884 CASPAR
1341 851 1549 894 BAUHINUS,
1578 853 1636 899 qui
1659 854 1741 900 jure

117 902 246 938 dicitur
281 903 412 939 fecisse
440 904 577 940 initium
606 915 742 950 genera
770 904 978 950 diligentius
1008 906 1267 953 distinguendi,
1296 909 1332 944 in
1360 910 1495 946 Pinace
1522 911 1652 948 theatri
1678 914 1741 949 bo-

115 962 226 998 tanici
268 962 441 1009 (Basileae
485 965 596 1010 1623)
638 967 821 999 enumerat
861 964 914 999 IX
957 963 1269 1013 Car-yophyllatas.
1326 968 1443 1013 Quum
1473 970 1509 1005 111
1542 971 1603 1006 1110
1632 983 1741 1018 opere

116 1031 240 1056 omnes
284 1025 356 1056 tum
396 1023 552 1068 cognitae
592 1023 725 1069 plantae
765 1028 1029 1069 recenseantur,
1063 1024 1099 1060 in
1128 1027 1305 1064 sectiones
1334 1029 1529 1065 secundum
1557 1035 1741 1066 externam

115 1079 384 1116 similitudinem
423 1081 564 1126 divisae,
609 1085 715 1128 atque
749 1093 872 1117 omnes
906 1083 1063 1119 botanici
1099 1089 1181 1120 ante
1223 1086 1526 1135 Tournefortium,
1569 1101 1742 1135 generum

115 1138 335 1174 conditorem
372 1139 627 1185 clarissimum,
662 1144 843 1176 uterentur
876 1142 1093 1189 nominibus,
1123 1156 1203 1190 (11100
1231 1145 1271 1182 O.
1299 1147 1485 1183 Bauhinus
1511 1149 1645 1195 plantis
1678 1150 1741 1186 im-

114 1202 300 1245 posuerat,
329 1199 525 1235 afferendae
552 1200 640 1236 visae
668 1204 757 1235 sunt.
812 1200 882 1236 Hae
910 1206 991 1237 sunt
1019 1201 1313 1251 Caryophyllatae
1342 1205 1382 1242 O.
1410 1207 1579 1243 Bauhini:

168 1260 199 1293 1.
271 1256 546 1307 Caryoplzyllata
573 1260 735 1306 vulgaris
764 1264 805 1308 (=
826 1260 943 1297 Geum
972 1262 1144 1298 urbanum
1172 1263 1241 1309 L.).

168 1318 200 1352 2.
369 1345 388 1362 „
576 1320 738 1366 vulgaris
766 1321 902 1367 majore
929 1320 1017 1356 flore
1046 1325 1084 1369 (=
1108 1322 1153 1358 G.
1182 1323 1431 1359 intermedium
1457 1324 1593 1371 El11·h.).

169 1378 201 1412 3.
373 1406 391 1423 „
579 1379 724 1415 hederae
752 1380 943 1415 terrestris.

167 1438 200 1471 4.
370 1467 389 1484 „
578 1439 745 1485 aquatica
773 1443 918 1474 nutante
945 1438 1033 1475 flore
1059 1443 1100 1487 (=
1122 1439 1167 1476 G.
1188 1441 1301 1477 rivale
1328 1441 1396 1488 L.).

167 1498 200 1531 5.
370 1526 388 1543 „
577 1499 746 1545 aquatica
776 1498 890 1533 altera
913 1501 955 1546 (=
976 1499 1021 1535 G.
1050 1500 1238 1548 hybridum
1268 1501 1403 1547 Wulfi).

167 1558 199 1592 6.
369 1587 388 1604 „
575 1559 698 1605 alpina
722 1558 830 1593 lutea.

168 1618 199 1652 7.
369 1647 388 1664 „
578 1618 700 1665 alpina
738 1617 869 1663 minoi-3
910 1617 946 1653 in
983 1617 1231 1665 Phytopinace
1265 1623 1299 1655 et
1328 1619 1527 1655 Prodromo
1560 1620 1743 1669 descripta

576 1681 617 1725 (z
639 1677 685 1714 G.
714 1682 920 1712 montanum
948 1677 1015 1724 L.).

170 1737 202 1771 8.
373 1766 392 1783 ,‚
579 1737 702 1784 alpina
729 1736 814 1783 Apii
841 1737 928 1772 folio
958 1740 998 1784 (=
1021 1736 1065 1773 G.
1094 1742 1242 1785 reptans
1268 1738 1336 1785 L.).

167 1796 200 1830 9.
369 1827 388 1844 ‚‚
576 1796 698 1843 alpina
724 1796 977 1842 quinquefolia.

279 1856 455 1903 Reliquos
489 1867 613 1892 omnes
649 1855 854 1900 botanicos,
891 1867 979 1902 quos
1014 1859 1104 1891 00100
1137 1856 1442 1894 ante-Linnaeana
1472 1859 1634 1906 protulit,
1670 1859 1742 1895 sin-

116 1913 273 1960 gillatim
315 1917 500 1952 celebrare
539 1916 688 1962 longum
727 1919 792 1950 est.
846 1914 967 1959 Quare
997 1915 1064 1951 1100
1097 1915 1224 1951 leviter
1254 1918 1464 1963 perstrinxi,
1506 1918 1740 1964 adumbrans,

113 1978 198 2020 quot
225 1975 368 2022 01100100
395 1975 450 2010 1111
482 1975 733 2021 cognoverint,
764 1973 847 2020 quid
875 1974 910 2009 in
941 1974 997 2009 his
1025 1974 1156 2021 plant-is
1184 1975 1377 2011 effecerint.
1427 1977 1497 2012 Hae
1523 1978 1633 2024 igitur
1661 1983 1743 2014 sunt

113 2033 257 2079 species
284 2033 460 2079 Georum,
491 2045 581 2080 quas
608 2038 698 2069 00100
727 2033 1029 2069 ante-Linnaeana
1058 2033 1285 2071 distinxerat:
1332 2035 1446 2071 Geum
1473 2038 1668 2079 urbanum,
1698 2039 1742 2074 G.

106 2092 236 2141 rivale,
275 2093 318 2128 G.
346 2094 457 2129 rivale
483 2094 686 2141 hybridzmz,
727 2093 771 2127 G.
800 2093 1064 2134 intermedium,
1103 2093 1146 2128 G.
1176 2101 1334 2142 reptans,
1367 2095 1411 2130 G.
1439 2103 1663 2139 montanum,
1697 2098 1740 2135 G.

112 2152 308 2187 coccineum
349 2157 385 2188 et
428 2153 472 2188 G.
495 2154 746 2201 pyrenaicum,
788 2163 936 2198 quorum
978 2151 1024 2188 G.
1055 2153 1305 2189 intermedium
1340 2155 1418 2201 jam
1458 2167 1552 2192 anno
1588 2159 1684 2193 1542
1720 2171 1742 2194 a

111 2210 278 2247 FUCHSIO
307 2212 373 2247 sub
401 2212 544 2247 nornine
578 2212 857 2260 Caryophyllatoe
883 2212 1054 2259 sylvestris
1081 2216 1188 2258 atque
1216 2212 1261 2249 G.
1279 2214 1482 2250 coceineum
1510 2218 1545 2250 et
1572 2215 1617 2252 G.
1637 2228 1742 2264 pyre-

112 2270 256 2306 naicum
283 2282 305 2306 a
333 2270 628 2307 TOURNEFORTIO
657 2270 840 2317 descripta
868 2270 1039 2306 Linnaeus
1067 2275 1186 2306 tamen
1214 2272 1342 2308 omisit.
1373 2272 1511 2317 Quibus
1539 2275 1742 2312 nominibus

111 2328 169 2363 hae
195 2329 337 2375 species
367 2330 533 2365 salutatae
561 2330 692 2365 fuerint
719 2341 741 2364 a
769 2330 949 2365 veteribus
978 2330 1171 2375 botanicis,
1201 2342 1246 2365 ex
1273 2332 1481 2379 synonymis
1502 2333 1567 2368 sub
1588 2333 1742 2381 singulis

112 2388 305 2434 speciebus
341 2393 377 2424 et
410 2388 446 2424 in
480 2388 599 2425 indice
634 2388 755 2424 allatis
790 2389 898 2424 facile
931 2389 1155 2436 perspicitur,
1190 2401 1300 2436 quare
1333 2391 1459 2427 eadem
1491 2397 1655 2440 repetere
1681 2394 1742 2429 vix

113 2457 204 2494 opus
233 2451 298 2483 est.

276 2506 452 2554 LINNAEO,
491 2506 641 2555 Species
675 2506 886 2542 Plantarum
916 2507 1052 2552 edenti,
1081 2508 1138 2543 hae
1163 2509 1317 2556 quinque
1347 2509 1490 2556 species
1518 2513 1654 2547 tantum
1683 2522 1742 2547 00-

112 2565 225 2611 gnitae
259 2571 376 2602 erant:
412 2565 531 2603 Geum
557 2566 748 2610 urbanum,
784 2564 829 2601 G.
858 2566 988 2611 rivale,
1020 2567 1065 2603 G.
1094 2567 1350 2614 virginianum,
1388 2567 1433 2605 G.
1457 2572 1605 2616 reptans
1632 2573 1668 2604 et
1695 2568 1740 2606 G.
