2134 3034
573 212 693 248 MUsc1
720 222 765 248 ET
793 213 999 249 HEPATICAE
1028 214 1248 251 OELANmAE.
1634 220 1680 253 27

450 463 613 500 SECTIO
655 465 699 500 II.
767 465 947 502 MUSOI
992 467 1383 506 CLADOCARPI.

114 582 194 616 120.
249 580 451 615 fontinellis
471 583 702 630 antz'pyretica
721 582 762 617 L.
781 605 825 609 —
845 582 999 631 Schimp.
1016 584 1100 632 Syn.
1116 598 1148 632 p.
1165 589 1309 622 456.—
1323 587 1382 623 ΒΓ.
1399 600 1470 624 eur.
1492 589 1563 625 tab.
1579 591 1663 626 429.
1678 612 1730 618 -

295 639 433 677 Hartm.
460 640 514 675 Fl.
548 640 602 676 ed.
632 642 669 685 9,
698 652 731 687 p.
760 642 817 676 26.

255 715 307 747 Ad
336 716 463 756 lapides
493 717 525 747 in
557 716 667 747 rivulis
697 719 729 747 et
756 717 788 748 in
816 718 936 758 puteis,
967 719 1109 759 pluribus
1139 721 1218 752 loeis
1249 722 1434 762 plerumque
1460 726 1566 754 tamen
1591 723 1709 755 sterilis

104 777 133 799 v.
158 777 185 799 e.
208 767 396 798 Hulterstad
425 767 457 798 in
487 770 581 808 puteo
612 767 741 808 copiose
769 767 979 809 fructificans,
1009 770 1127 811 Tveta,
1154 771 1336 813 Mollstorp,
1368 773 1519 815 R'ohalla,
1545 749 1725 815 Tr'ogstad:

104 818 187 850 inter
209 818 373 858 Trogstad
397 821 428 849 et
450 817 605 855 Kolstad,
629 818 801 859 Bergholm
824 837 867 841 --
890 829 917 851 e.
941 820 977 851 fr.
1000 838 1042 843 —
1064 821 1101 852 A.
1126 822 1167 852 M.

106 897 187 931 121.
241 895 402 930 Neclaera
436 894 658 941 complanata
692 893 763 940 (L.)
798 916 846 921 -
879 894 1034 943 Sehimp.
1070 896 1154 944 Syn.
1189 909 1222 944 p.
1257 899 1340 934 470.
1372 920 1423 925 —
1453 899 1512 936 ΒΓ.
1546 912 1618 936 eur.
1652 901 1724 937 tab.

292 955 376 988 444.
404 975 454 980 —
481 952 619 988 Hartm.
647 952 702 987 Fl.
732 952 786 987 ed.
817 955 854 998 9,
883 965 916 1000 p.
947 955 1004 989 25.

251 1030 302 1062 Ad
326 1038 453 1068 muros,
478 1038 574 1069 rupes
603 1031 635 1059 et
657 1031 786 1059 truncos
808 1028 955 1060 arborum
979 1030 1122 1071 pluribus
1146 1032 1242 1069 locis,
1266 1042 1294 1064 v.
1320 1042 1346 1064 e.
1371 1033 1474 1064 Tveta
1497 1034 1529 1065 in
1553 1035 1650 1066 muris
1674 1037 1725 1066 sat

105 1082 251 1123 copiose,
276 1081 358 1112 infra
380 1080 521 1113 Ekerum
545 1080 577 1110 in
602 1078 743 1118 Quem,
774 1079 965 1119 Borgholms
987 1082 1211 1113 slottsbranter
1234 1086 1285 1114 sat
1307 1093 1412 1124 parce.
1465 1085 1541 1116 Var.
1567 1087 1588 1125 β
1611 1086 1724 1117 tenella

99 1132 255 1173 (Sohimp.
281 1131 359 1173 Syn.
382 1132 401 1162 I.
425 1135 465 1167 e.)
501 1130 638 1162 occurrit
660 1130 692 1161 in
713 1129 861 1171 Kopings
887 1130 1016 1163 branter
1038 1133 1227 1174 parcissime
1250 1133 1283 1164 in
1306 1134 1431 1166 fissuris
1455 1135 1588 1176 rupium.
1614 1155 1658 1159 —
1680 1137 1721 1168 M.

102 1210 184 1244 122.
237 1208 427 1243 Leucodon
459 1207 645 1242 sciuroicles
676 1206 748 1253 (L.)
785 1228 829 1233 —-
868 1207 1024 1255 Schimp.
1062 1208 1147 1256 Syn.
1186 1223 1220 1258 p.
1254 1212 1338 1245 474.
1364 1233 1414 1238 —
1440 1211 1500 1246 ΒΓ.
1540 1222 1611 1247 eur.
1650 1213 1722 1248 tab.

285 1268 369 1302 488.
397 1288 448 1292 —
472 1265 611 1301 Hartm.
639 1265 694 1300 Fl.
721 1265 775 1300 ed.
806 1267 845 1310 9,
874 1278 907 1312 p.
937 1268 994 1302 26.

247 1342 299 1374 Ad
321 1345 451 1373 truncos
476 1341 622 1372 arborum
647 1344 679 1372 et
702 1340 744 1372 ad
768 1351 850 1373 saxa
873 1342 1016 1382 vulgaris
1039 1352 1098 1384 per
1120 1346 1217 1375 totam
1243 1343 1434 1376 Oelandiam
1458 1346 1498 1377 ab
1523 1345 1664 1389 Ottenby
1680 1348 1722 1380 ad

98 1394 200 1426 B'oda.
224 1413 265 1418 —
288 1394 326 1424 A.
350 1393 391 1424 M.
416 1393 452 1424 B.

101 1472 182 1506 123.
236 1469 454 1505 sztz'trichz'a
481 1468 726 1515 curtipendula
755 1467 827 1514 (L.)
855 1490 906 1495 —
925 1468 1081 1516 Sehimp.
1108 1469 1193 1517 Syn.
1218 1482 1252 1517 p.
1279 1473 1363 1507 476.
1390 1493 1440 1499 —
1466 1472 1526 1508 ΒΥ.
1552 1484 1623 1511 eur.
1650 1476 1722 1511 tab.

287 1529 371 1564 469.
399 1549 450 1553 —
474 1527 616 1563 Hartm.
644 1526 699 1562 Fl.
728 1526 782 1562 ed.
813 1529 851 1572 9,
880 1538 914 1573 p.
944 1528 1001 1562 25.

247 1604 299 1636 Ad
322 1614 403 1635 saxa
425 1603 644 1644 granitoidea,
668 1612 905 1643 nonnumquam
930 1603 972 1634 ad
994 1606 1122 1635 truncos
1146 1605 1307 1646 arborum,
1332 1608 1439 1640 multis
1463 1609 1542 1641 loeis
1559 1612 1722 1653 praecipue

96 1656 129 1687 in
151 1655 241 1688 silvis
265 1655 462 1695 frondiferis,
486 1665 515 1687 v.
541 1664 568 1686 c.
593 1653 824 1695 Ottenbylund,
849 1654 1078 1695 Fiirjestadem
1105 1656 1223 1696 Tveta,
1247 1657 1430 1700 Mollstorp,
1449 1660 1607 1702 Runsten,
1625 1662 1720 1695 Stora

96 1707 176 1748 Ror,
202 1706 377 1746 Borgholm
400 1706 432 1737 in
456 1706 630 1747 quereetis,
656 1705 748 1736 Beda
771 1705 877 1736 multis
903 1706 993 1737 loeis.
1018 1724 1058 1728 —
1081 1706 1119 1737 A.
1144 1706 1185 1737 M.
1209 1707 1245 1738 B.

99 1784 181 1818 124.
234 1782 416 1830 Myurella
432 1782 578 1829 julacea
606 1781 720 1831 (Vill.)
740 1803 784 1808 —
801 1780 956 1827 Schimp.
978 1781 1064 1828 Syn.
1088 1793 1121 1828 p.
1141 1784 1225 1818 484.
1239 1784 1362 1820 —Bn
1383 1796 1455 1821 eur.
1475 1787 1547 1824 tab.
1567 1790 1651 1825 560.
1669 1812 1721 1818 —

284 1840 453 1888 Hypnum
475 1841 658 1887 julaeeum
685 1839 823 1875 Ha1tm.
851 1839 905 1874 Fl.
935 1839 990 1874 ed.
1020 1841 1058 1885 9,
1086 1852 1119 1887 p
1147 1842 1179 1876 8.

245 1916 297 1948 Ad
325 1920 433 1958 petras
464 1920 496 1947 et
523 1926 605 1948 saxa
633 1916 782 1947 calcarea
809 1915 953 1956 pluribus
982 1915 1076 1956 loeis,
1107 1926 1236 1958 semper
1255 1922 1363 1951 tamen
1387 1921 1481 1952 valde
1504 1932 1614 1964 parce,
1639 1935 1669 1956 v.
1692 1935 1719 1957 o.

94 1956 163 1999 Ahs
198 1969 302 2006 alvar,
337 1967 522 1999 Gosslunda
553 1967 659 2006 alvar,
694 1966 813 1997 Resmo
840 1966 1085 2006 alva13Tveta
1113 1967 1146 1998 in
1176 1969 1296 2010 eampis
1326 1971 1521 2005 alvaroideis
1556 1983 1620 2006 una
1648 1985 1720 2007 eum

96 2019 281 2060 Encalypta
303 2023 540 2058 streptocarpa,
564 2018 714 2059 Ko'pings
743 2017 879 2048 ὺΐεηῐθι·.
903 2036 944 2041 —-
967 2017 1005 2048 A.
1029 2017 1070 2048 M.

97 2096 178 2130 125.
233 2095 366 2130 Leslcea
389 2095 585 2142 polycarpa
610 2093 720 2129 Ehrh.
735 2114 786 2119 —
805 2092 961 2140 Schimp.
982 2093 1067 2140 Syn.
1086 2105 1120 2140 p.
1137 2096 1220 2131 486.
1239 2115 1286 2121 —-
1304 2095 1364 2131 Br.
1385 2107 1458 2133 eur.
1477 2099 1548 2134 tab.
1568 2101 1652 2135 470.
1668 2122 1720 2128 —-

284 2153 434 2188 Leskea
456 2152 633 2199 paludosa
661 2152 800 2188 Hartm.
828 2152 883 2187 Fl.
914 2151 968 2187 ed.
998 2153 1035 2196 9,
1062 2164 1097 2198 p.
1126 2154 1184 2187 23.

245 2228 297 2260 Ad
319 2228 446 2260 radices
469 2228 618 2259 arborum
637 2228 731 2269 juxta
754 2228 906 2268 templum
931 2227 1134 2258 Thorslunda
1156 2228 1347 2269 parcissime
1371 2248 1411 2253 —
1436 2240 1460 2262 e.
1485 2231 1522 2264 fr.
1545 2251 1588 2255 —
1610 2234 1652 2266 M.

97 2305 178 2339 126.
231 2304 366 2340 Leslcea
393 2317 537 2340 nervosa
564 2303 790 2352 (Sohwaegr.)
818 2324 869 2329 —
896 2302 1052 2350 Schimp.
1083 2303 1168 2351 Syn.
1191 2316 1226 2351 p.
1255 2306 1339 2340 487.
1366 2327 1417 2333 —
1442 2307 1502 2342 ΒΓ.
1538 2319 1610 2344 eur.
1645 2310 1716 2346 tab.

283 2365 368 2399 472.
395 2385 445 2390 —
471 2363 610 2398 Hartm.
637 2362 692 2397 Fl.
721 2361 775 2397 ed.
806 2365 843 2407 9,
872 2373 906 2408 p.
936 2363 994 2396 23.

241 2439 293 2472 Ad
316 2449 411 2480 saxa,
437 2438 539 2469 rarius
564 2437 606 2469 ad
629 2437 756 2469 radices
780 2436 928 2468 arborum
951 2436 1093 2477 pluribus
1116 2438 1210 2478 loeis,
1240 2449 1270 2471 v.
1294 2449 1321 2470 e.
1347 2427 1416 2471 Abs
1445 2441 1536 2473 alvar
1559 2453 1622 2475 una
1645 2454 1717 2477 eum

93 2492 259 2531 Myurella
279 2491 424 2532 julacea,
455 2490 573 2529 Tveta,
604 2488 778 2528 Borgholm
808 2487 840 2518 in
869 2486 1030 2527 lapidibus
1060 2488 1103 2519 ad
1126 2489 1275 2530 rivulum,
1301 2489 1342 2521 ad
1365 2490 1493 2523 radices
1514 2494 1661 2526 arborum
1684 2496 1717 2527 in

93 2540 421 2583 Kungstrfflgfirden,
446 2544 478 2572 et
500 2540 533 2571 in
558 2539 751 2580 Borgholms
774 2537 1010 2570 slottsbranter.
1033 2557 1075 2561 —
1098 2539 1136 2570 A.
1159 2539 1201 2571 M.
