2134 3034
562 165 793 200 Pnonumws
822 166 1112 202 Mmommmnm
1141 167 1313 203 Gnouun.
1646 171 1690 204 21

118 267 193 304 post
216 263 364 295 anthcsin
390 265 538 296 reflexus.
586 265 696 296 I‘ctala
723 267 974 306 suburbiculata,
1000 269 1092 308 apice
1117 272 1240 305 retusa,
1272 269 1577 300 rubro-aurantiaca.
1626 270 1745 311 Carpo-

119 315 250 356 phorum
276 316 406 356 sessile,
431 316 576 357 pilosum.
623 317 802 348 Filamcuta
828 323 859 349 ct
883 319 1024 350 antherzc
1049 330 1173 351 crocea.
1221 321 1372 361 Carpclla.
1396 320 1744 362 piloso-hirsutissima,

119 367 220 397 arista
244 367 394 398 uncinata
419 367 531 406 glabra
555 367 735 399 terminata.
761 388 798 390 Ἀ
821 370 924 401 Altius
950 374 980 401 et
1004 371 1107 410 magis
1133 381 1292 402 ramosum
1318 382 1411 411 quam
1438 372 1475 402 G.
1500 372 1653 403 chilense.

272 427 343 458 obs.
372 429 398 458 1.
446 427 527 458 Num
552 428 593 458 sit
617 429 742 468 species
768 440 786 459 a.
810 431 848 458 (ι’.
873 430 1003 459 clzilensi
1028 440 1060 460 rc
1085 441 1159 461 vera
1183 431 1348 469 distincta,
1369 431 1399 462 in
1422 431 1548 462 dubium
1568 433 1673 463 vocari
1692 443 1744 473 po-

118 481 198 518 test:
223 478 254 508 in
279 478 430 519 praesenti
455 479 508 509 vix
533 478 732 518 distinguere
758 481 863 519 valeo,
890 481 950 511 nisi
978 481 1051 522 styli
1075 482 1208 512 articulo
1235 483 1398 523 superiore
1424 484 1549 523 hispalo
1575 484 1604 513 in
1624 484 1661 514 G.
1680 484 1743 514 chi-

118 529 216 568 lensi,
240 530 432 569 gylulwrrimo
458 530 488 560 in
515 530 552 561 Gr.
577 531 736 561 coccineo
784 532 885 568 Quum
904 542 979 563 vcro
997 536 1163 572 utramque
1184 534 1289 564 vivam
1309 535 1460 564 collatam
1479 535 1662 565 examinare
1682 546 1743 566 non

118 580 257 620 licuerit,
295 580 471 621 dijudicare
506 590 567 611 non
605 582 722 619 audeo,
754 586 855 612 utrum
885 593 947 613 una
977 584 1109 614 alterius
1142 585 1182 615 sit
1211 585 1366 623 vai-ictas,
1400 584 1430 615 in
1459 587 1606 617 America
1631 590 1742 626 enata,

118 641 232 662 necue.
254 650 297 654 —-
320 632 348 662 A
374 632 411 663 G.
437 632 572 671 urbano,
606 633 747 672 proxime
778 633 818 663 ad
850 634 932 674 quod
960 634 1094 675 Scriuge
1118 635 1150 665 in
1172 636 1250 666 Dec,
1274 636 1385 666 Prodr.
1410 636 1590 676 collocavit,
1617 638 1744 669 abunde

117 682 225 714 differt
248 686 279 714 ct
303 683 404 724 primo
429 683 586 724 adspectu
611 684 761 714 facillime
787 684 1056 725 distinguendum.

270 744 342 773 Obs.
368 744 395 774 2.
443 743 477 774 C.
503 743 601 774 Kocn
627 743 717 782 dicit,
744 754 834 775 suum
859 746 957 776 (icum
982 746 1326 787 iCaryophyllastrum)
1348 747 1583 786 mavult-'dorum
1600 748 1744 788 proxime

118 793 275 825 accedere
311 794 351 825 ad
388 794 704 835 G.1nac=·0phyuu1n
740 795 847 827 Willd.
879 812 897 821 z
929 800 1069 827 nostrum
1107 798 1144 828 G.
1170 797 1363 838 japonicum.
1409 798 1594 838 Descriptio
1630 799 1744 831 Kochii

117 845 213 876 etiam
238 845 468 885 aliquantulum
494 845 616 876 recedit
639 856 658 876 a
683 846 720 877 G.
746 848 913 888 coccine03
939 849 985 879 sic
1010 849 1119 879 caules
1144 849 1372 889 simplicissimi
1396 853 1427 880 et
1450 850 1558 890 petala.
1581 859 1680 881 aurea
1705 851 1742 882 G.

117 896 305 936 grandiflori
331 897 492 937 dicuntur3
518 897 575 928 sed
601 908 639 928 ex
664 898 808 938 Meyero,
835 900 887 939 qui
912 901 1089 940 specimina
1113 899 1298 931 authentica
1322 902 1533 941 comparavit,
1560 902 1596 933 G.
1615 902 1743 941 grandi-

116 947 229 979 florum
255 948 455 979 referendum
483 948 523 978 ad
549 948 586 979 Gr.
612 950 803 981 coccineum.

526 1111 631 1146 SEGT.
660 1112 722 1147 ΙΙΙ.
778 1111 1015 1148 ΟΑΗΥΟΡΗ
1022 1113 1332 1149 YLLAsTRUM

500 1198 631 1237 Serinye
656 1200 685 1228 in
709 1198 802 1229 Mem.
828 1208 893 1229 soc.
918 1198 1008 1239 phys.
1033 1208 1148 1238 gcnav.
1174 1199 1207 1237 2,
1233 1209 1262 1239 p.
1291 1199 1361 1229 138.

270 1291 388 1339 Calyx
416 1292 827 1338 quinquebracteolatus.
871 1293 1142 1340 Carpophorum
1171 1292 1300 1327 sessile
1320 1293 1374 1327 vel
1396 1294 1604 1329 subsessile.
1652 1294 1744 1342 Styli

116 1352 519 1397 annulato-geniculati,
556 1351 750 1386 articulati:
786 1352 935 1387 articulo
971 1352 1137 1387 inferiore
1174 1352 1210 1386 in
1245 1352 1359 1386 fructu
1395 1353 1611 1398 persistente
1638 1354 1743 1400 apice

116 1411 278 1456 hamato,
307 1411 532 1456 longitudine
558 1411 744 1446 articulum
765 1412 985 1458 superiorem
1010 1411 1197 1446 deciduum
1217 1410 1378 1457 multiplo
1399 1412 1604 1449 excedente.
1658 1413 1741 1448 Flo-

114 1481 174 1506 res
202 1470 300 1517 plani
329 1473 413 1517 (uon
442 1470 717 1517 campanulati),
748 1471 850 1517 parvi
878 1471 936 1505 vel
967 1470 1181 1513 mediocres,
1212 1469 1284 1505 albi
1310 1470 1367 1504 vcl
1395 1470 1489 1506 flavi.

268 1555 375 1587 Sectio
399 1555 600 1595 difficillima,
626 1556 779 1596 plurimas
804 1557 1020 1597 complectens
1047 1556 1184 1597 specics.
1231 1555 1332 1586 (r'enm
1360 1557 1582 1596 viryim'cmzmz
1611 1568 1630 1589 a
1660 1563 1743 1590 cete-

115 1607 159 1638 ris
188 1607 367 1639 certissime
397 1607 604 1647 distinguitur
633 1607 833 1647 carpophoro
865 1612 896 1638 et
926 1608 1073 1648 carpellis
1104 1607 1321 1647 glaberrimis,
1353 1612 1481 1639 ornatur
1506 1613 1663 1650 praeterea
1687 1620 1741 1651 pe-

114 1659 190 1690 talis
214 1659 312 1699 albis⁷
338 1669 408 1699 quae
431 1658 524 1689 modo
548 1658 579 1689 in
604 1659 703 1689 trihus
727 1660 778 1690 vel
802 1663 937 1699 quatuor
965 1660 1036 1690 aliis
1068 1659 1235 1700 speciebus
1265 1658 1560 1701 Caryophyllastri‚
1592 1663 1631 1693 G.
1656 1663 1742 1701 albo,

119 1710 158 1742 G.
179 1712 370 1751 parmstoro,
404 1709 444 1741 G.
468 1711 668 1741 involucrum
705 1715 736 1741 et
770 1711 954 1751 plerumque
988 1711 1019 1741 in
1055 1710 1093 1741 G.
1120 1711 1362 1750 Agla-anonioizle
1385 1717 1561 1744 occurrunt.
1608 1714 1744 1753 Reliqua

116 1761 406 1802 Caryophyllastra
435 1762 553 1803 petalis
582 1761 675 1793 flavis
706 1765 866 1793 ornantur.
915 1761 1063 1793 Omnium
1093 1763 1230 1794 maxime
1261 1765 1403 1802 proteum
1436 1766 1486 1794 est
1515 1764 1553 1795 G.
1580 1767 1742 1805 strictum,

113 1812 200 1852 quod
233 1817 341 1844 tamen
376 1815 553 1855 petalorum
589 1814 689 1844 forma
724 1814 816 1845 facile
853 1814 1068 1853 distinguitur.
1114 1814 1219 1844 Etiam
1248 1814 1287 1845 G.
1313 1816 1472 1845 urbanum
1501 1816 1587 1856 apud
1613 1820 1742 1848 exteros

115 1865 243 1895 variare
267 1865 408 1906 videtur,
434 1866 580 1906 quamvis
606 1866 635 1896 in
662 1865 881 1896 Scandinavia
907 1865 1053 1896 videatur
1078 1874 1205 1905 semper
1230 1870 1392 1898 constans.
1438 1868 1520 1899 Huic
1538 1872 1611 1898 sunt
1634 1868 1743 1899 affinia

116 1915 155 1946 G.
179 1917 343 1956 ibericum,
377 1917 416 1948 G.
443 1928 646 1957 07⁷e90nense‚
679 1916 718 1947 G.
742 1919 908 1947 robustum
937 1919 968 1946 et
990 1925 1061 1946 mea
1086 1916 1213 1955 quidem
1239 1918 1399 1949 sententia
1426 1919 1463 1950 G.
1488 1920 1588 1950 molle.
1635 1919 1673 1950 G.
1697 1921 1742 1950 1ιί-

114 1968 243 2008 spz‘dum
268 1979 287 1999 a
312 1968 349 1999 G.
374 1968 498 1999 stricto·
516 1969 609 2000 facile
635 1967 856 2008 distinguitur,
881 1967 930 1998 cui
955 1966 994 1998 G.
1012 1969 1215 2008 jccponicum,
1240 1968 1279 2000 (i.
1304 1971 1532 2001 aurantiucum
1557 1974 1588 2001 et
1612 1970 1651 2001 G.
1676 1982 1742 2000 ma-

114 2019 307 2059 yellanicum
331 2020 462 2051 forsitan
487 2021 617 2061 propius
643 2020 814 2060 accedunt,
842 2019 925 2049 notis
956 2022 1062 2048 tamen
1093 2018 1199 2049 allatis
1225 2019 1458 2058 dignoscenda.
1504 2020 1542 2051 G.
1567 2023 1742 2061 lzyrccmzmz

115 2069 157 2100 ad
188 2070 225 2102 G,
251 2071 433 2102 coceineum
466 2071 623 2102 accedere
657 2071 780 2102 (licitur,
827 2070 867 2102 G,
894 2071 1104 2110 purvfflormn
1131 2074 1162 2100 et
1189 2070 1228 2101 G.
1253 2072 1502 2111 involucratzmz,
1529 2073 1655 2113 speeies
1681 2073 1741 2104 Ca-

115 2121 347 2163 ryophyllastri
371 2123 523 2163 minimae,
549 2133 569 2153 a
593 2123 722 2163 reliquis
748 2121 1044 2163 Caryophyllastris
1070 2121 1164 2152 valde
1190 2121 1340 2152 differunt
1363 2127 1458 2162 atque
1478 2123 1585 2154 habitu
1605 2124 1642 2155 G.
1662 2124 1740 2155 albi-

113 2172 228 2204 florum
252 2173 284 2204 in
308 2174 494 2204 memoriam
518 2173 753 2214 quodammodo
780 2176 942 2204 revocant.
960 2191 1003 2195 —
1019 2172 1413 2214 G.Portenschlccyicmmn
1430 2174 1512 2205 inter
1536 2176 1661 2216 species
1686 2177 1742 2207 mi-

114 2234 175 2255 nus
200 2225 347 2265 cognitas
372 2225 580 2257 describetur.

141 2348 175 2381 4.
217 2345 353 2382 GEUM
380 2354 687 2382 VIRGINIANUM
713 2344 818 2379 Linn.
845 2343 941 2378 foliis
968 2343 1187 2379 radicalibus
1221 2344 1276 2379 vel
1305 2344 1739 2390 cordato-reniformibus,

219 2405 420 2441 sublobatis
456 2406 513 2440 vel
547 2403 842 2451 pinnatipartitis3
880 2403 975 2438 foliis
1011 2403 1160 2438 caulinis
1195 2403 1421 2439 inferioribus
1458 2403 1739 2450 pinnatipartitis

218 2465 387 2511 varieque
421 2464 605 2508 dissectis,
638 2462 882 2509 superioribus
916 2462 1121 2508 tripartitis3
1155 2462 1285 2509 petalis
1321 2463 1412 2498 albis
1447 2463 1630 2508 oblongis,
1661 2463 1740 2499 basi

218 2524 395 2570 cuneafis,
431 2523 555 2571 calyce
594 2523 702 2558 multo
739 2521 983 2566 brevioribus;
1023 2522 1192 2568 carpellis
1225 2521 1528 2557 numerosissimis
1563 2522 1739 2567 glaberri-
