2134 3034
552 142 784 178 PRODROMUS
812 143 1102 179 MONOGRAPUIAE
1131 143 1303 179 GEORUM.
1640 147 1687 180 43

114 244 175 275 fert
198 243 307 283 calyce
332 246 476 283 patente,
513 243 629 282 petalis
664 253 728 274 nou
764 245 990 284 euiarginatis,
1024 244 1212 276 brevissime
1243 245 1472 285 unguiculatis,
1503 244 1741 277 horizontaliter

116 293 315 335 patentibus,
347 294 487 333 capitulo
518 294 728 334 carpcllorum
759 296 864 327 sessili
895 300 990 336 atque
1014 295 1113 326 herba
1140 296 1318 336 pallidiore.
1364 297 1392 327 A
1415 297 1455 327 (ι’.
1479 298 1601 327 urbano
1626 296 1739 336 (ligno-

114 345 212 377 scitur
237 345 347 385 calyce
373 344 564 382 rubicundo,
595 344 781 377 horizontali
806 357 864 378 ncc
888 351 960 387 post
984 347 1132 378 anthesin
1157 346 1291 385 reflexo,
1316 346 1431 388 petalis
1458 346 1490 377 in
1513 357 1650 387 unguen]
1671 347 1739 378 brc-

115 406 186 427 vem
211 396 313 427 subito
337 396 526 433 attenuatis,
550 396 622 436 pilis
647 396 688 426 ad
717 396 807 428 basin
832 398 956 428 articuli
981 397 1156 438 superioris
1182 397 1256 438 styli
1279 397 1493 437 longioribus,
1518 397 1648 429 floribus
1673 399 1739 429 fere

117 457 245 488 semper
269 446 466 486 nutantibus,
492 448 542 486 qui
568 450 641 477 sunt
663 446 758 487 duplo
782 449 919 490 majores
944 459 1037 489 quan]
1062 448 1157 479 flores
1183 450 1221 479 (τ’.
1246 450 1371 479 urbani.

270 509 342 539 obs.
368 508 397 538 2.
444 506 697 546 Magnitudinem
722 507 833 539 florum
859 512 897 540 (i.
925 510 1102 539 intermedii
1126 509 1248 540 variam
1273 519 1361 547 esse,
1377 509 1443 550 jani
1461 508 1612 540 observat
1628 510 1740 541 illustr.

117 559 237 596 Kocn,
262 559 314 598 qui
339 568 356 589 e
380 558 555 589 seminibus
580 558 672 588 unius
697 559 814 599 plantae
838 559 973 591 obtinuit
1001 560 1175 591 varietates
1206 559 1335 591 floribus
1365 560 1587 600 magnitudine
1611 562 1670 591 Gei
1694 562 1741 591 νί-

119 611 202 641 valis
226 614 257 640 et
281 609 376 650 duplo
401 610 584 641 minoribus.

269 672 340 700 Obs.
364 671 392 700 3.
440 670 478 701 (ἶ.
505 671 725 700 intwnediwn
749 669 887 710 typicum
912 680 928 701 e
953 671 1127 703 seminibus
1151 672 1246 702 facile
1270 671 1423 702 educatur
1442 680 1501 702 nec
1518 670 1655 712 hybrida
1671 682 1742 712 pro-

117 722 164 753 les
189 721 323 752 videtur.
371 720 435 752 sed
459 722 490 752 in
516 721 615 752 hortis
641 721 811 760 botanicis‚
837 721 889 752 ubi
914 723 1093 763 complures
1119 723 1246 763 species
1271 732 1372 763 prope
1396 723 1477 753 alias
1501 732 1566 764 una
1582 723 1741 760 habitant,

117 773 234 813 stirpes
266 771 407 813 hybridae
439 772 564 803 facilius
595 776 784 811 nascuntur,
817 772 862 802 sic
886 772 917 803 in
943 773 1032 805 horto
1057 774 1169 815 Upsal.
1194 774 1230 805 G.
1254 774 1478 805 intermedium
1501 774 1633 812 falsum,
1659 778 1742 805 teste

116 823 199 854 Prof.
223 823 346 860 FROES,
372 827 499 854 enatum
524 824 581 855 fuit
604 834 622 854 a
646 823 753 864 typico
780 823 816 854 G.
840 823 1028 855 intermedio
1054 829 1085 856 et
1109 825 1146 856 G.
1172 825 1302 856 urbano.

174 934 193 954 ²⁵
221 933 357 970 GEUM
385 943 632 970 RUBIFOLIU
641 944 667 970 M
694 935 772 981 Lej.
799 934 895 969 foliis
922 935 1140 971 radicalibus
1168 936 1498 983 lyram-interrupte
1524 936 1744 983 pinnatipar-

224 993 315 1038 titis,
358 993 510 1028 caulinis
552 993 739 1040 tripartitis
775 993 904 1041 (rarius
944 994 1239 1042 pinnatipartitis)
1274 996 1404 1042 petalis
1438 996 1544 1031 fulvis
1577 996 1744 1031 obovato-

223 1052 423 1087 rotundatis
452 1052 488 1087 in
516 1064 673 1098 unguem
700 1052 833 1087 lamina
860 1053 966 1099 triplo
994 1053 1195 1089 breviorem
1230 1055 1380 1101 abrupte
1413 1055 1618 1097 attenuatis,
1649 1054 1745 1101 caly-

222 1122 301 1146 cem
336 1112 561 1147 suberectum
595 1112 931 1158 fusco-purpureum
965 1113 1232 1159 superantibus;
1269 1114 1438 1160 carpellis
1479 1119 1514 1150 et
1555 1113 1639 1161 styli
1674 1112 1745 1149 Grei

224 1170 445 1217 intermedii,
475 1171 697 1218 carpophoro
725 1171 855 1206 sessili.

122 1259 201 1297 Syn.
226 1258 265 1287 (τ’.
288 1258 464 1298 rubljblc'um
487 1259 611 1296 Lejeune
634 1261 663 1287 iu
687 1259 747 1296 Lcj.
773 1264 800 1286 et
826 1260 923 1288 Court.
950 1260 1049 1298 Comp.
1075 1261 1118 1289 Fi.
1142 1261 1223 1297 Belg.
1250 1262 1282 1295 2,
1307 1271 1335 1298 p.
1363 1261 1433 1289 150.
1458 1277 1499 1280 -—
1523 1260 1584 1298 Lej.
1603 1261 1671 1288 Rev.
1701 1260 1745 1288 Fl.

297 1311 369 1348 Spa,
394 1320 421 1348 p.
447 1311 518 1339 103.
542 1327 583 1330 —
608 1311 676 1339 Dec.
701 1310 800 1338 Prodr.
825 1312 858 1345 2,
884 1321 911 1349 p.
937 1313 1009 1340 551.

229 1361 268 1390 (τ’.
294 1361 503 1390 inter-mediata
527 1361 547 1399 β
564 1361 676 1401 petalis
689 1361 787 1401 fulvis
811 1362 893 1390 Koch
919 1364 985 1401 Syn.
1008 1363 1053 1391 Fl.
1078 1364 1172 1392 Germ.
1198 1368 1226 1391 et
1248 1363 1332 1392 Helv.
1359 1365 1392 1398 1,
1417 1374 1445 1401 p.
1473 1363 1542 1391 183.

273 1436 380 1468 Habit.
405 1436 438 1467 in
465 1437 582 1477 Belgica
606 1437 685 1479 (Lej.
711 1437 730 1468 l.
756 1438 808 1477 c.);
833 1437 866 1468 in
893 1437 1068 1469 Germania
1090 1437 1194 1474 (Koch
1219 1438 1239 1469 l.
1256 1439 1303 1479 c.).
1321 1457 1362 1461 —
1385 1439 1422 1469 In
1447 1438 1538 1469 horto
1560 1438 1620 1469 bot.
1640 1438 1747 1479 Upsa-

120 1488 215 1520 liensi
239 1488 356 1519 cultum
380 1487 455 1519 vidi.
502 1488 577 1529 Ipse
602 1498 658 1529 per
681 1488 801 1528 aliquot
825 1498 926 1519 annos
951 1489 983 1519 in
1006 1499 1076 1520 meo
1102 1489 1225 1520 hortulo
1250 1490 1331 1522 colui
1354 1500 1393 1521 ex
1417 1491 1529 1532 planta
1552 1489 1626 1521 viva
1642 1490 1748 1530 Upsa-

120 1540 231 1578 liensi,
256 1549 350 1580 quam
375 1549 444 1570 eum
470 1540 541 1571 aliis
568 1540 645 1571 Geis
670 1540 760 1570 amic.
783 1540 847 1571 ΤΗ.
870 1540 911 1570 M.
936 1540 1043 1571 FRIEs
1067 1541 1154 1572 misit
1176 1542 1216 1581 (v.
1240 1543 1291 1582 v.).

273 1601 301 1631 A
325 1601 389 1631 (ἦρα
413 1601 597 1631 intermedio
623 1600 702 1631 satis
728 1599 849 1632 differt:
873 1601 990 1641 petalis
1014 1602 1178 1633 latioribus
1203 1602 1312 1641 fulvis,
1338 1602 1406 1633 basi
1429 1602 1580 1634 distincte
1602 1605 1748 1633 attenua-

122 1652 178 1690 tis,
203 1652 330 1683 laciniis
355 1652 511 1693 calycinis
534 1652 825 1692 fusco-purpureis,
850 1653 969 1688 ovatis,
994 1653 1125 1694 abrupte
1151 1654 1303 1690 acutatis,
1327 1653 1458 1685 floribus
1488 1654 1591 1694 magis
1622 1663 1748 1694 campa-

123 1704 257 1742 nulatis,
282 1704 408 1734 laciniis
434 1704 633 1744 superiorum
657 1704 804 1735 foliorum
826 1704 1023 1734 caulinorum
1048 1705 1160 1735 acutis.
1185 1724 1225 1726 —
1251 1705 1379 1745 Calycis
1404 1706 1511 1737 colore
1535 1705 1639 1745 magis
1657 1715 1748 1736 acce-

122 1754 169 1785 dit
191 1754 234 1785 ad
257 1754 296 1785 G.
314 1756 416 1786 rivale
439 1765 534 1796 quum
559 1755 600 1786 ad
625 1755 664 1787 G.
688 1756 925 1793 iizteriizedizmz,
962 1765 1096 1794 quocum
1131 1756 1184 1787 vix
1222 1756 1373 1797 conjungi
1402 1760 1518 1798 potest.
1541 1775 1583 1779 —
1607 1757 1650 1789 Ut
1673 1767 1748 1788 vero

123 1806 308 1846 diligentius
334 1807 535 1845 observetur,
560 1807 645 1838 addo
670 1808 833 1838 LEJEUNH
856 1806 947 1846 (Rev.
964 1806 1013 1837 Fi.
1032 1806 1111 1847 Spa.)
1131 1807 1302 1847 diagnosiu
1328 1809 1387 1838 (iez'
1410 1810 1573 1848 rubifoliz',
1592 1819 1662 1849 quae
1680 1809 1749 1840 haec

125 1862 188 1889 est:
225 1857 378 1889 ”fioribus
414 1860 545 1897 erectis,
580 1859 696 1900 petalis
730 1857 928 1898 longitudine
962 1858 1100 1899 calycis,
1129 1859 1214 1890 foliis
1244 1859 1439 1890 radicalibus
1469 1860 1747 1902 lyrato-pinnatis,

125 1909 325 1950 superiorum
355 1910 437 1941 lobis
467 1911 570 1941 acutis
601 1909 848 1941 cuneiformibus
879 1909 948 1940 basi
979 1910 1074 1949 longe
1099 1911 1301 1950 auriculatis,
1326 1911 1434 1942 aristis
1458 1912 1593 1952 primum
1618 1922 1749 1953 gyroso-

125 1961 318 2002 geniculatis
344 1961 416 1992 dein
441 1962 630 1993 uncinatis.'⁷
654 1980 696 1984 —
721 1960 920 2002 specimina,
946 1965 1098 2002 quotquot
1122 1962 1201 2004 vidi,
1233 1963 1352 1995 habent
1379 1963 1577 2003 pedunculos
1602 1968 1749 1996 curvatos

125 2017 157 2044 et
177 2012 272 2044 flores
296 2017 455 2044 nutantes.

127 2128 184 2162 24.
227 2125 360 2162 GEUM
388 2134 629 2160 RUBELLUM
665 2124 705 2160 O.
733 2123 776 2159 A.
802 2124 896 2171 Mey.
924 2124 1020 2160 foliis
1047 2124 1267 2162 radicalibus
1295 2126 1588 2173 pinnatipartitis,
1608 2127 1751 2164 laciniis

225 2185 380 2231 quinque
409 2185 656 2232 superioribus
685 2183 969 2229 subaequalibus,
999 2185 1178 2220 terminali
1203 2186 1349 2233 triloba3
1385 2186 1481 2221 foliis
1509 2187 1661 2223 caulinis
1689 2188 1749 2223 ‘tri—

230 2244 388 2291 partitis,
416 2245 547 2291 petalis
574 2244 724 2280 rubellis
755 2243 915 2290 calycem
936 2244 1224 2290 campanulatum
1243 2246 1318 2280 fere
1337 2245 1581 2292 aequantibus,
1602 2247 1752 2294 abrupte

228 2303 264 2338 iu
296 2315 452 2349 unguem
485 2304 654 2338 laminam
692 2302 987 2338 subrcniformem
1021 2309 1222 2350 aequantem
1259 2305 1469 2348 attenuatis,
1499 2316 1569 2340 non
1597 2301 1752 2352 emargi-

229 2363 340 2408 natis3
377 2363 545 2409 carpellis
580 2362 746 2406 hirsutis3
781 2361 866 2408 styli
900 2362 1049 2397 articulo
1085 2363 1253 2399 inferiore
1293 2364 1518 2410 longitudine
1556 2366 1752 2412 carpellum

231 2421 408 2468 suhduplo
435 2422 648 2467 excedente,
677 2421 902 2468 carpophoro
931 2421 1135 2466 subsessili,
1165 2423 1396 2469 pilosissimo.

129 2512 208 2548 Syn.
233 2509 274 2538 G.
297 2508 444 2539 rubellum
469 2510 500 2538 C.
524 2511 558 2538 A.
584 2511 660 2548 Mey.
686 2510 749 2538 Ind.
775 2519 843 2537 sem.
868 2509 942 2538 hort.
966 2510 1080 2548 Petrop.
1107 2511 1162 2544 XI,
1188 2521 1216 2548 p.
1241 2512 1292 2540 45.
