2134 3034
424 223 471 256 24
979 217 1003 253 J
1007 247 1013 253 .
1041 218 1083 253 E.
1113 218 1393 263 Zurrrmsrnnr,

525 320 621 351 Loeis
651 319 808 350 umbrosis
840 318 991 349 silvarum
1023 318 1282 355 frondiferarum,
1313 318 1354 348 ad
1390 327 1481 356 saxa,
1520 316 1561 347 ad
1597 317 1723 349 radices
1761 319 1908 350 arborum
1937 324 1998 351 etc.

372 376 422 404 sat
445 372 578 410 vulgare
603 380 659 411 per
683 374 784 400 totam
809 369 1000 400 Oelandiam
1023 369 1062 399 ab
1089 368 1229 409 ottenby
1253 367 1295 399 ad
1319 367 1410 398 Roda
1434 387 1475 391 —
1499 377 1525 397 ο.
1550 368 1586 398 fr.
1610 386 1652 390 —
1676 369 1712 399 A.
1736 369 1778 401 M.
1804 370 1840 401 B.

373 450 430 484 99.
485 447 629 482 Mnimn
665 446 770 493 qfflne
802 444 928 479 Bland.
967 466 1010 469 —
1047 444 1203 491 Sehimp.
1239 444 1324 491 Syn.
1358 456 1391 490 p.
1430 445 1512 478 387.
1543 465 1585 468 —
1616 443 1676 478 ΒΓ.
1705 455 1777 479 eur.
1807 445 1879 480 tab.
1908 447 1998 489 397,

537 506 628 549 398,
655 505 737 539 399.
768 525 811 530 —
841 502 980 537 Hartm.
1007 502 1061 537 Fl.
1091 503 1145 538 ed.
1174 505 1211 547 9,
1240 515 1273 549 p.
1304 504 1362 538 29.

525 570 576 601 Ad
607 573 724 599 terrani
753 567 932 607 humidam,
963 567 994 597 in
1026 567 1195 608 paludibus
1221 570 1281 598 eto.
1304 567 1437 606 vulgare
1461 576 1519 607 per
1543 568 1640 596 totam
1666 565 1857 597 Oelandiam
1880 566 1919 596 ab
1945 565 2001 597 Ot-

373 623 469 663 tenby
494 621 535 652 ad
558 619 659 651 Beda.
686 638 725 642 —-
748 620 785 650 A.
809 619 850 649 M.
874 618 909 648 B.

522 671 640 702 Forma
664 670 746 701 foliis
768 670 983 709 integerrimis
1010 669 1156 718 (Quium
1179 670 1274 708 affine
1299 678 1314 705 γ
1337 669 1485 707 rugyz'ezcm
1510 666 1648 708 Sohimp.
1675 666 1753 708 Syn.
1777 678 1807 708 p.
1826 667 1904 708 388)
1926 677 2000 707 par-

372 724 439 754 cius
470 723 619 761 occurrit,
651 731 681 752 v.
704 730 732 752 e.
757 720 991 761 Ottenbylund⁷
1021 720 1090 751 Ahs
1115 720 1219 759 alvar,
1244 718 1424 759 Boi-ghohn.

376 801 457 835 100.
511 798 657 833 AInimn
686 797 900 832 mzdulatmn
928 796 1042 842 (Dill.)
1069 795 1115 830 H.
1151 817 1182 820 —-
1220 794 1376 840 Schimp.
1405 794 1489 841 Syn.
1515 805 1547 840 p.
1578 794 1661 828 389.
1684 814 1729 819 —-
1756 793 1815 828 ΒΓ.
1835 804 1907 828 eur.
1927 793 1999 828 tab.

565 859 647 892 389.
677 878 728 882 -—
755 855 891 890 Hartm.
920 855 974 890 1³1.
1002 855 1056 890 ed.
1083 856 1122 899 97
1151 866 1184 901 p.
1210 855 1268 889 29.

523 925 561 955 In
585 924 743 955 umbrosis
767 924 908 954 lucorum
934 927 967 963 etr
989 923 1140 953 silvarum
1165 922 1409 953 frondiferarum
1429 922 1535 953 multis
1553 922 1632 952 locis
1651 925 1683 952 at
1699 931 1769 952 raro
1786 922 1999 963 fructificans,

372 988 402 1009 v.
427 987 451 1007 o,
476 974 696 1016 Ottenbylund
720 974 928 1011 fructiferum,
953 964 1035 1013 Ahs,
1061 973 1246 1013 Wiokleby,
1272 972 1501 1014 Fiirjestaden,
1527 973 1644 1013 Tveta,
1677 972 1837 1013 Grflborg‚
1868 974 1999 1014 Alguts-

372 1038 456 1068 rum⁷
482 1026 633 1066 Romula,
658 1026 751 1057 δῖοι-ει
768 1026 846 1064 R'or,
864 1025 972 1064 Ralla,
991 1023 1179 1064 Borgholm,
1198 1024 1347 1064 Kopings
1367 1024 1508 1064 branter,
1526 1023 1617 1054 Beda
1634 1042 1674 1046 ——
1692 1033 1718 1055 o.
1736 1023 1773 1054 fr.
1791 1042 1830 1047 —
1847 1025 1885 1056 A.
1902 1024 1943 1056 M.
1962 1025 1998 1056 B.

376 1106 457 1139 101.
512 1103 660 1137 lllnz'um
686 1108 875 1136 rostratam
904 1100 1081 1148 (Schrad.)
1113 1123 1158 1127 —-
1188 1100 1343 1146 Sohimp.
1373 1100 1457 1147 Syn.
1486 1112 1518 1146 p.
1547 1101 1630 1134 390.
1658 1120 1702 1125 —-
1736 1099 1796 1135 ΒΓ.
1826 1111 1897 1135 eur.
1926 1100 1998 1136 tab.

565 1163 648 1196 395.
679 1181 723 1186 —
752 1160 892 1194 Hartm.
920 1158 974 1193 Fl.
1005 1158 1059 1193 ed.
1089 1160 1128 1199 9,
1155 1170 1189 1205 p.
1219 1160 1276 1194 29.

521 1232 558 1263 In
587 1230 744 1262 umbrosis
773 1229 912 1260 humidis
944 1230 1097 1260 silvarum
1125 1229 1385 1269 frondiferarum,
1417 1239 1504 1270 saepe
1533 1239 1596 1260 una
1620 1240 1691 1260 cum
1716 1232 1807 1260 lllm'o
1831 1231 1998 1270 cuspidato

373 1288 404 1315 et
430 1284 519 1314 Mm'o
544 1282 715 1320 undulato,
739 1280 882 1321 pluribus
906 1281 998 1319 loeis,
1025 1290 1054 1311 v.
1079 1291 1105 1312 e.
1131 1281 1233 1312 Tveta
1256 1281 1288 1312 in
1313 1282 1407 1319 lucis,
1427 1281 1617 1321 Borgholms
1640 1281 1866 1313 slottsbranter
1882 1284 1914 1312 et
1929 1282 1999 1322 plu-

372 1335 458 1365 ribus
482 1334 560 1364 loeis
585 1342 687 1373 prope
712 1331 898 1371 Borgholrn7
923 1331 1073 1372 Kopings
1098 1332 1238 1371 branter,
1263 1331 1355 1362 Roda
1378 1332 1561 1373 kronopark
1585 1350 1627 1354 —
1648 1342 1674 1363 o.
1697 1332 1733 1363 fr.
1759 1351 1799 1354 —
1820 1333 1862 1364 M.
1886 1332 1925 1364 N.

376 1412 457 1446 102.
510 1410 657 1445 lllnz'mn
694 1410 846 1443 hornum
881 1407 996 1453 (Dill.)
1025 1406 1066 1442 L.
1100 1429 1144 1433 ——
1181 1407 1336 1454 Schimp.
1371 1407 1456 1455 Syn.
1483 1421 1515 1455 p.
1546 1410 1628 1443 391.
1660 1432 1703 1435 --
1738 1409 1798 1444 Br.
1827 1420 1898 1444 eur.
1926 1409 1998 1444 tab.

569 1468 651 1502 390.
683 1489 727 1492 --
758 1466 897 1501 Hartm.
924 1466 979 1500 Fl.
1008 1465 1063 1500 ed.
1094 1468 1131 1512 9,
1160 1478 1194 1513 p.
1222 1468 1279 1502 29.

523 1541 561 1571 In
586 1541 744 1571 umbrosis
768 1539 909 1571 humidis
935 1539 1088 1570 silvarum
1112 1542 1143 1570 et
1169 1539 1378 1581 coniferarum
1402 1542 1433 1569 et
1456 1538 1715 1579 frondiferarum,
1741 1538 1783 1570 ad
1807 1538 1932 1569 radices
1950 1548 2000 1568 ar—

373 1593 483 1624 borum
507 1595 566 1623 eto.
591 1592 696 1622 multis
720 1591 814 1631 loeis,
839 1601 868 1621 v.
893 1600 919 1621 c.
945 1589 1178 1631 Ottenbylund,
1202 1582 1271 1621 Ahs
1294 1590 1384 1620 alvar
1408 1599 1507 1630 prope
1531 1599 1653 1620 murum
1682 1600 1849 1630 magnum,
1881 1590 1999 1629 Tveta,

373 1643 551 1683 Mollstorp,
577 1642 719 1683 Saxn'as,
744 1642 827 1673 inter
851 1641 978 1672 Saxnas
1003 1644 1034 1672 et
1059 1641 1207 1681 Rehulla,
1232 1641 1314 1672 inter
1338 1640 1433 1672 Stora
1456 1641 1521 1671 Ror
1544 1644 1575 1671 et
1604 1641 1711 1681 Ralla,
1741 1640 1911 1681 Borgholm
1934 1650 2001 1671 me-

373 1694 485 1726 ridiem
510 1702 623 1724 versus
648 1694 680 1725 in
704 1693 805 1734 pratis
825 1692 918 1733 juxta
942 1702 1046 1732 mare,
1070 1692 1162 1723 B'oda
1186 1692 1291 1723 multis
1318 1692 1397 1723 locis
1422 1710 1464 1713 —
1488 1701 1514 1723 o.
1538 1692 1575 1722 fr.
1598 1710 1641 1714 ——
1663 1692 1701 1723 A.
1726 1692 1767 1723 M.
1790 1692 1826 1722 B.

377 1772 457 1806 103.
512 1771 658 1805 sslnz'mn
694 1775 867 1804 serratum
900 1768 1076 1815 (Schrad.)
1108 1791 1153 1795 —
1187 1768 1343 1815 Sehimp.
1382 1768 1465 1815 Syn.
1494 1780 1527 1815 p.
1555 1769 1638 1803 392.
1667 1790 1712 1794 —-
1741 1768 1800 1803 ΒΓ.
1829 1780 1900 1804 eur.
1928 1770 2000 1804 tab.

567 1830 650 1864 391.
684 1849 717 1853 —
754 1827 892 1863 Hartm.
921 1827 975 1862 Fl.
1005 1827 1059 1862 ed.
1088 1830 1126 1872 9,
1155 1840 1188 1874 p.
1215 1829 1272 1862 30.

523 1900 559 1930 In
590 1898 747 1929 umbrosis
779 1898 916 1929 humidis
947 1899 1098 1929 silvarum
1129 1898 1375 1930 frondiferarum
1403 1898 1444 1928 ad
1474 1897 1600 1929 radiees
1625 1897 1772 1928 arborum
1798 1902 1849 1929 sat
1871 1908 1943 1930 raro
1968 1902 2000 1929 et

373 1961 470 1992 parce
500 1949 710 1989 fructificans,
742 1959 770 1980 v.
795 1959 820 1980 e.
848 1949 979 1989 Gfirclby
1002 1949 1096 1990 juxta
1124 1950 1209 1980 viam
1238 1949 1279 1980 ad
1310 1950 1426 1990 Tveta,
1460 1949 1492 1979 in
1523 1949 1670 1979 betuletis
1701 1948 1743 1978 ad
1768 1949 1913 1989 Griiborg
1935 1959 2001 1980 una

374 2012 444 2032 oum
470 2002 559 2032 Maio
584 2001 709 2031 stellari
734 2019 764 2021 —
797 2009 822 2030 e.
847 2000 882 2031 fr.
909 2019 947 2022 —
971 2000 1011 2030 M.

377 2079 458 2112 104.
511 2076 658 2111 sslnz'mn
685 2077 820 2111 stellare
848 2076 894 2111 H.
922 2098 972 2102 ——
1000 2075 1155 2122 Schimp.
1185 2075 1269 2122 Syn.
1300 2088 1332 2122 p.
1363 2077 1444 2111 395.
1472 2098 1521 2101 —-
1549 2075 1607 2110 ΒΓ.
1637 2087 1708 2111 eur.
1736 2076 1806 2111 tab.
1835 2078 1919 2112 401.
1955 2098 1994 2102 -—

564 2134 703 2170 Hartm.
730 2135 784 2171 Fl.
813 2134 867 2169 ed.
899 2136 934 2179 9,
963 2147 996 2181 p.
1027 2136 1084 2169 30.

523 2207 560 2238 In
590 2206 748 2237 umbrosis
777 2207 916 2237 lucorum
946 2210 977 2237 et
1005 2207 1157 2237 silvarum
1186 2205 1429 2237 frondiferarum
1459 2206 1601 2246 pluribus
1631 2206 1724 2247 loeis,
1750 2216 1847 2247 parce
1871 2209 1995 2247 tamen,

374 2269 402 2289 v.
428 2268 452 2290 c.
478 2258 596 2298 Tveta,
627 2257 789 2297 Grfiborg,
813 2256 1004 2296 Borgholms
1030 2256 1262 2287 slottsbranter.
1287 2275 1329 2279 -—
1352 2256 1392 2287 M.

376 2329 457 2362 105.
511 2326 657 2361 stlniwn
682 2332 891 2373 punctatum
918 2325 960 2361 L.
985 2348 1026 2351 —
1050 2324 1206 2372 Schimp.
1235 2325 1319 2372 Syn.
1344 2338 1377 2372 p.
1407 2327 1490 2360 398.
1513 2346 1555 2350 -
1577 2325 1636 2360 ΒΥ.
1661 2336 1732 2360 eur.
1760 2325 1830 2360 tab.
1851 2327 1934 2361 387.
1953 2348 1997 2353 -—-

566 2383 704 2419 Hartm.
732 2383 786 2418 Fr.
816 2383 870 2418 ed.
900 2385 937 2428 9,
967 2395 1000 2429 p.
1030 2385 1087 2420 28.

523 2454 560 2484 In
594 2453 762 2492 uliginosis
792 2452 885 2493 juxta
919 2453 1050 2490 rivulos,
1090 2462 1151 2483 non
1186 2456 1293 2483 tamen
1324 2453 1357 2483 in
1386 2456 1485 2484 strato
1516 2453 1662 2484 caleareo
1692 2453 1750 2484 sed
1778 2453 1861 2485 infra
1883 2454 1998 2495 jugum

373 2504 614 2543 Landtborgen,
638 2504 781 2544 pluribus
807 2504 887 2535 loeis
913 2503 1097 2543 plerumque
1121 2512 1197 2534 vero
1221 2513 1331 2544 parce,
1357 2514 1384 2535 v.
1409 2514 1434 2535 c.
1460 2503 1690 2544 Ottenbylund,
1708 2504 1741 2534 in
1759 2504 1840 2535 silva
1857 2505 1998 2538 abietina

374 2555 455 2585 inter
478 2554 606 2585 Saxniis
631 2558 662 2585 et
686 2554 835 2592 Rouana,
861 2554 943 2584 inter
968 2553 1060 2584 Stora
1084 2554 1148 2584 Ror
1170 2557 1201 2584 et
1225 2554 1332 2594 Ralla,
1355 2554 1446 2585 B'oda
1463 2554 1700 2594 kronopark—
1715 2556 1840 2586 c.fr.—
1856 2556 1894 2587 A.
1908 2556 1948 2587 M.
1962 2557 2000 2588 B.
