2134 3034
427 169 473 202 14
1000 165 1045 201 N.
1074 164 1159 202 Jon.
1188 164 1375 209 SCHEUTZ,

524 268 566 303 Iu
600 267 786 302 Australz'a
823 269 843 302 2
879 268 931 314 (3)
968 266 1126 314 species,
1164 278 1313 313 quarum
1349 268 1463 303 Geum
1497 268 1690 313 albiflomm
1725 267 1921 303 Australiae
1949 271 2007 304 est

370 326 563 374 proprium.

523 385 660 421 Horum
689 388 711 420 4
738 385 856 432 patria
884 388 939 420 est
962 385 1102 431 ignota:
1136 385 1204 420 Gez’
1228 386 1404 426 nutantis,
1439 386 1484 421 G.
1513 387 1766 434 braclzypez‘alz',
1800 386 1844 421 G.
1869 385 2003 428 rubelli,

371 444 440 494 (G.
469 445 827 492 Portenschlayiani).

522 504 695 551 Europae,
723 504 825 539 Asiae
853 507 888 538 et
914 502 1093 539 Amerioae
1121 508 1204 539 sunt
1236 503 1452 539 eommunia:
1501 503 1546 539 G.
1577 505 1752 546 strictum,
1792 504 1836 539 G.
1853 503 2004 551 japoni-

371 577 467 604 ωιτη,
499 563 544 598 G.
572 564 690 598 rivale.

524 622 617 658 Haeo
644 626 726 657 sunt
753 621 911 667 Europae
937 625 971 656 et
997 621 1099 658 Asiae
1126 622 1343 657 communia:
1386 623 1430 657 G.
1457 623 1737 669 heterocarpum,
1778 621 1822 658 G.
1851 622 2003 657 coccine-

370 697 448 722 um,
486 681 530 717 G.
554 683 749 722 urbanum,
784 681 828 716 G.
854 681 1112 716 intermedium.

522 741 679 787 Europae
707 744 743 775 et
768 740 904 776 Africae
932 744 988 776 est
1015 751 1218 776 commune:
1253 740 1298 775 G.
1327 741 1543 777 atlanticum.

521 799 623 835 Asiae
657 803 691 834 et
726 798 906 835 Amerieae
940 804 1023 835 sunt
1050 799 1266 835 communia:
1316 800 1360 835 G.
1389 800 1521 841 Rossii,
1568 800 1613 835 G.
1643 800 1908 840 anemonaides,
1956 800 2003 835 G.

366 859 530 907 placide,
565 859 609 894 G.
635 858 917 907 rotundzfolium.

523 918 703 953 Amerioae
721 922 756 953 et
774 917 971 953 Australiae
991 921 1073 953 sunt
1091 917 1309 953 communia:
1341 918 1385 953 G.
1399 918 1686 965 mayellam‘cum,
1715 918 1760 953 G.
1775 918 1934 953 strictum
1943 917 2002 967 (Ῥ).

523 978 582 1013 Ex
609 978 773 1013 omnibus
802 976 893 1013 Geis
922 976 1125 1012 distributio
1153 977 1403 1024 geographica
1436 978 1504 1013 Gez'
1528 978 1649 1012 rivalis
1677 980 1713 1012 et.
1745 977 1789 1012 G.
1811 977 1924 1012 smcti
1949 982 2006 1013 est

369 1037 595 1083 vastissima,
623 1048 643 1072 e
670 1036 818 1083 reliquis
852 1036 896 1071 G.
917 1036 1147 1083 japonimcm,
1182 1036 1226 1072 G.
1254 1037 1431 1071 urbanum
1459 1040 1495 1071 et
1525 1037 1569 1072 G.
1600 1036 1872 1084 mayellaozicum
1894 1036 2003 1072 latius

371 1097 538 1144 dispersa
565 1096 729 1132 videntur
756 1107 863 1142 quam
888 1100 1019 1131 cetera.

522 1155 562 1192 si
590 1155 878 1191 distributionem
907 1155 1191 1201 geographieam
1220 1155 1314 1190 intra
1340 1155 1523 1201 Em‘opam
1550 1154 1832 1201 respexerimus,
1864 1154 2004 1189 inveni-

371 1227 489 1260 emus,
518 1215 736 1262 Hispaniam
765 1219 801 1250 et
828 1214 1055 1250 Lusitaniam
1083 1215 1213 1250 offerre
1243 1217 1262 1250 7
1293 1214 1453 1261 speeies,
1489 1213 1648 1250 Galliam
1678 1215 1715 1258 8,
1750 1213 1942 1249 Bataviam
1968 1217 2006 1249 et

369 1275 539 1322 Belgium
568 1277 589 1311 3
619 1277 690 1322 (5),
716 1274 941 1309 Britanniam
971 1276 1008 1318 3,
1038 1273 1315 1310 scandinaviam
1345 1276 1383 1317 5,
1413 1272 1647 1309 Germaniam
1673 1277 1708 1308 et
1733 1272 1940 1308 Helvetiam
1970 1274 2002 1318 7,

370 1335 554 1371 Austriam
587 1346 668 1370 eum
702 1333 850 1370 Galizia
878 1335 917 1378 5,
954 1333 1269 1369 Transsilvaniam
1296 1335 1334 1379 8,
1367 1332 1614 1378 Hungariam,
1656 1330 1839 1368 Croatiam
1868 1335 1904 1367 et
1930 1331 2002 1367 Ba-

369 1399 492 1430 natum
519 1396 559 1438 4,
587 1393 729 1430 Italiam
759 1396 797 1437 6,
826 1392 998 1428 Tureiam
1022 1397 1058 1428 et
1085 1391 1269 1429 Graeciam
1298 1394 1336 1436 6,
1363 1391 1532 1428 Rossiam
1560 1403 1766 1438 europaeam
1793 1393 1826 1427 5.

523 1453 659 1489 Turcia
693 1464 861 1500 europaea
896 1464 976 1488 eum
1009 1451 1156 1488 Graecia
1189 1456 1225 1487 et
1257 1451 1349 1487 Asia
1382 1451 1519 1487 minore
1553 1450 1622 1486 sibi
1660 1450 1844 1486 vindicant
1885 1450 2002 1486 Geum

371 1514 581 1558 coccineum,
617 1513 675 1548 eui
707 1512 814 1548 valde
842 1512 950 1548 affine
990 1512 1034 1547 G.
1064 1512 1208 1547 chilense
1235 1515 1353 1546 exstat
1379 1510 1416 1546 in
1442 1510 1612 1546 Ameriea
1640 1510 1799 1546 australi.
1857 1510 1902 1545 G.
1931 1509 2002 1545 mi-

371 1573 583 1620 cropetalum
617 1572 734 1607 adhuc
765 1572 802 1607 in
836 1571 944 1606 Italia
976 1575 1112 1606 tantum
1147 1575 1203 1606 est
1236 1570 1456 1616 indagatum.
1517 1570 1633 1605 Geum
1659 1570 1761 1605 molle
1788 1568 1892 1605 unico
1920 1568 2001 1604 loco

371 1632 509 1668 Serbiae
541 1632 690 1677 lectum,
731 1631 775 1666 G.
803 1631 981 1666 robustum
1018 1630 1055 1665 in
1083 1629 1361 1665 Transsilvania
1388 1633 1494 1676 atque
1529 1629 1573 1664 G.
1601 1629 1770 1677 tyrolense
1794 1628 1831 1663 in
1858 1627 2000 1675 Tyroli,

371 1691 514 1738 species
542 1691 678 1736 dubiae,
706 1691 853 1726 inventa
880 1693 971 1725 sunt.
1031 1690 1076 1724 G.
1103 1696 1330 1731 montanum,
1369 1690 1414 1725 G.
1441 1695 1599 1736 reptans,
1641 1689 1685 1723 G.
1704 1688 1940 1735 pyrenaicum
1967 1691 2002 1722 et

377 1752 421 1786 G.
453 1751 665 1786 inclinatum
700 1749 815 1797 Alpes
847 1750 1005 1796 Europae
1039 1748 1209 1784 australis
1236 1748 1296 1783 vel
1320 1747 1449 1783 mediae
1484 1748 1651 1783 incolunt.
1705 1747 1746 1783 In
1773 1750 1848 1782 tota
1873 1745 2001 1781 Africa

369 1809 531 1846 interiori
558 1809 655 1845 nulla
682 1809 825 1856 speeies
852 1809 948 1844 lecta
972 1812 1042 1853 est,
1069 1819 1177 1843 unum
1207 1819 1251 1842 ex
1275 1807 1321 1843 iis
1349 1807 1488 1842 duobus
1515 1807 1552 1842 in
1576 1806 1703 1842 Africa
1720 1806 1840 1851 lectis,
1867 1807 1912 1841 G.
1938 1806 2001 1840 sil-

370 1869 521 1905 vaticum
557 1868 654 1914 dieo,
689 1872 791 1904 extra
825 1868 1011 1914 regionem
1045 1866 1343 1902 mediterraneam
1372 1865 1520 1911 Galliae,
1549 1865 1765 1913 Hispaniam
1793 1869 1829 1901 et
1855 1864 2000 1900 Lusita-

369 1929 467 1964 niam
494 1939 565 1964 non
591 1928 724 1963 lectum
752 1932 818 1963 est.
877 1928 922 1962 G.
950 1939 1093 1975 capense
1117 1929 1253 1961 tantum
1282 1936 1302 1961 e
1323 1925 1574 1961 Promontorio
1600 1926 1706 1961 bonae
1733 1925 1812 1972 spei
1838 1928 2000 1971 reporta-

368 1992 451 2025 tum.
504 1987 619 2023 Indiae
647 1986 811 2023 orientali
838 1986 985 2034 propria
1017 1985 1183 2021 videntur
1216 1985 1261 2020 G.
1291 1985 1464 2020 adriacum
1494 1988 1530 2020 et
1562 1985 1606 2020 G.
1632 1985 1779 2025 elatum,
1814 1994 1895 2030 quae
1921 1987 2000 2018 tan-

369 2052 443 2083 tum
468 2047 507 2082 in
534 2046 677 2093 alpibus
703 2046 899 2093 Himalaya
927 2049 961 2081 et
989 2044 1151 2081 Gossain
1176 2044 1262 2079 than
1290 2047 1487 2079 occurrunt.
1542 2043 1669 2079 Tertia
1696 2054 1836 2090 quoque
1856 2042 2000 2090 spec-ies

371 2106 431 2154 (G.
460 2107 648 2152 urbanum)
673 2105 710 2141 in
733 2105 838 2141 India
864 2105 1004 2140 lectum.
1056 2104 1098 2139 In
1122 2103 1218 2139 omni
1244 2103 1394 2150 imperio
1426 2102 1581 2138 Rossico
1617 2105 1818 2150 (europaeo,
1847 2101 1999 2137 asiatico

371 2170 407 2202 et
438 2165 658 2211 amerioano)
691 2169 827 2200 tantum
864 2166 908 2199 11
938 2162 1080 2210 speeies
1111 2162 1313 2198 indicantur
1340 2174 1362 2197 a
1388 2162 1589 2198 Ledebour.
1641 2162 1684 2197 In
1710 2161 1869 2208 Japonia
1895 2160 2000 2196 alibi-

370 2236 440 2272 que
474 2225 604 2260 leetum
637 2228 694 2259 est
732 2223 776 2259 G.
800 2223 1011 2271 japonicum
1038 2244 1089 2248 -—
1116 2221 1182 2257 sed
1213 2222 1251 2257 in
1280 2220 1397 2257 China
1424 2221 1522 2257 nulla
1551 2221 1693 2268 speeies
1718 2221 1902 2257 haetenus.
1955 2219 1999 2255 In

369 2283 639 2320 Kamtsehatka
667 2287 702 2318 et
726 2282 846 2318 vicina
872 2280 1113 2318 Unalasehka
1137 2280 1297 2328 reperire
1322 2280 1408 2316 licet
1441 2281 1486 2316 G.
1497 2281 1728 2328 jamuicum,
1760 2280 1804 2316 G.
1823 2279 1999 2320 strictum,

376 2343 421 2378 G.
448 2343 580 2384 Romi,
614 2343 659 2378 G.
687 2342 947 2382 anemonoides,
981 2341 1025 2376 G.
1051 2340 1200 2388 ylaciale
1227 2344 1263 2374 et
1295 2339 1339 2374 G.
1365 2340 1644 2388 rotundffolium.
1698 2339 1737 2377 Si
1759 2337 1998 2375 Americanas

370 2401 513 2449 speeies
541 2401 770 2448 respicimus,
800 2401 942 2447 Torrey
966 2403 1002 2435 et
1028 2398 1131 2446 Gray
1158 2399 1194 2434 in
1220 2398 1311 2434 flora
1337 2398 1377 2434 of
1398 2398 1513 2434 North
1539 2398 1708 2434 America
1740 2399 1784 2433 13
1806 2398 1999 2447 (unamque

371 2461 531 2509 dubiam)
563 2460 706 2507 speeies
742 2459 876 2495 ibidem
907 2459 1022 2494 lectas
1058 2457 1228 2493 iudicant.
1279 2457 1322 2492 In
1355 2457 1501 2493 Manual
1535 2458 1575 2493 of
1603 2458 1662 2493 the
1689 2457 1831 2504 Botany
1863 2457 1904 2492 of
1936 2456 1998 2491 the

369 2520 486 2556 North
511 2519 649 2556 United
677 2519 797 2555 States
823 2517 902 2554 Asa
930 2517 1034 2565 Gray
1067 2518 1087 2552 9
1116 2516 1258 2564 speeies
1285 2515 1430 2563 recepit.
1483 2516 1525 2552 In
1556 2515 1680 2552 Chlori
1710 2515 1856 2552 Andina
1881 2513 1997 2551 WED-
