2134 3034
561 157 793 193 Pnonuonus
820 158 1111 193 MonoonAPnLE
1140 158 1313 194 GEORUM.
1649 162 1693 196 39

224 259 304 294 culo
332 258 498 293 inferiore
527 258 752 304 longitudine
781 260 976 306 carpellum
1007 260 1264 306 artieulmmpic
1293 261 1513 307 superiorem
1547 262 1746 308 plumosum

225 321 284 364 (cx
314 318 437 365 Meyer
463 318 731 366 persistentem)
761 318 867 365 duplo
897 319 1108 365 cxccdcntc3
1137 320 1359 366 carpophoro
1387 320 1496 366 longe
1525 321 1695 368 stipitato.

122 406 200 442 Syn.
229 403 267 433 G.
286 404 439 444 pallidum
463 405 494 432 C.
520 407 554 433 A.
583 406 680 442 Meyer
710 406 772 433 ln‹l.
798 416 865 434 sem.
892 406 963 433 hort.
990 406 1103 443 Pctrop.
1129 406 1183 440 XI,
1209 417 1235 444 p.
1263 408 1317 440 49,
1343 417 1375 434 ex
1400 417 1455 444 qno
1480 405 1571 435 Ilm-t.
1601 406 1670 446 [sps.

230 456 270 484 G.
295 455 389 485 virale
405 455 487 495 flore
510 455 588 484 alla).
636 457 738 484 Bcrnli.
772 458 873 484 Solet-t.
900 468 968 484 scin.
998 458 1070 484 horti
1096 459 1194 485 Erl'nrt
1220 459 1299 486 1842
1326 468 1358 486 ex
1382 460 1487 495 Meyer.

272 530 379 561 Habit.
416 530 447 561 in
485 531 664 569 Nou-vegim,
698 530 728 560 in
759 530 891 561 Abildsij
923 540 1020 571 propc
1050 531 1293 569 Christianiam,
1318 532 1370 562 ubi
1395 533 1516 563 amicus
1541 533 1577 564 N.
1603 533 1746 565 WULFs-

121 591 233 619 BERG,
259 581 421 612 studiosus
447 581 629 612 medicinam
655 580 685 611 sl.
711 582 729 611 2
753 581 838 612 Junii
868 583 947 613 18⁴5*st
972 583 1002 612 in
1027 583 1144 622 apricis
1169 583 1247 623 legit
1271 588 1302 614 et
1330 583 1459 624 specim.
1487 584 1638 616 benevole
1663 596 1746 616 coin-

121 633 360 664 municavit.—-
379 633 488 663 Patria
513 632 663 663 MEYEno
689 632 829 671 ignotal,
854 634 904 673 qui
931 634 961 664 in
987 633 1084 664 hortis
1111 633 1265 665 botanicis
1291 635 1405 665 cultum
1432 634 1603 675 descripsit
1630 644 1670 676 (v.
1698 640 1746 677 v.).

275 693 390 723 Planta
416 693 483 723 fere
506 692 726 731 magnitudine
752 694 811 722 Get
836 694 964 731 rivulis,
990 693 1046 724 sed
1072 693 1256 734 plerumque
1282 694 1428 725 humilior
1457 698 1551 735 atque
1581 697 1746 736 graeilior3

121 744 222 785 primo
247 743 403 785 adspectu
428 743 656 782 distinguenda
681 743 800 783 pallido
823 744 940 775 habitu.
967 763 1010 767 ——
1034 745 1187 775 Rhizenia
1212 745 1290 776 satis
1315 755 1474 783 crassum,
1493 747 1625 778 fuscum.
1665 748 1746 779 Cau-

122 797 161 827 lis
187 795 315 832 viridis,
341 795 479 835 pilosus,
506 794 657 834 simplex,
683 794 824 826 striatus.
870 795 962 826 Folia.
987 796 1142 827 radivalia
1166 806 1284 836 pauca,
1308 797 1669 838 lyrato-pinnatipartita
1697 800 1747 831 vel

119 848 304 888 plerumque
334 847 509 886 interrupte
545 846 799 886 pinnatipartita3
835 847 959 878 laciniae
989 848 1155 878 inferiores
1187 848 1323 879 inininne
1356 849 1528 887 distantes,
1565 850 1746 890 superiores

121 898 370 939 approximatae,
405 897 523 928 lacinia
558 897 734 928 terminalis
770 898 897 936 triloba,
928 898 1030 929 incisa
1062 902 1092 929 et
1121 903 1255 930 serrata.
1301 900 1392 930 Folia
1421 901 1547 931 caulina
1573 901 1746 941 tripartita,

121 953 256 981 serrata.
304 948 420 980 Omnia
443 949 520 979 folia
546 952 618 979 sunt
642 949 889 988 glabrescentia.
936 950 1069 990 Stipulac
1093 950 1228 987 virides,
1251 951 1372 981 incisae.
1418 951 1594 984 Peduncnli
1617 952 1747 985 floribus

119 1001 299 1040 longiores,
329 1000 449 1035 villosi,
481 1004 554 1040 post
583 1000 731 1030 autlresin
763 1001 870 1032 erecti.
916 1001 1028 1032 Flores
1059 1002 1152 1041 pauci
1175 1002 1240 1042 (vix
1263 1003 1345 1032 ultra
1369 1007 1516 1043 quatuor)
1538 1004 1604 1035 fere
1629 1006 1747 1037 umbel-

120 1052 187 1083 lati.
235 1051 363 1092 Calycis
388 1051 519 1082 inferior
544 1061 618 1092 pars
643 1052 693 1082 vel
716 1052 808 1082 tubus
833 1052 1012 1090 rufescens,
1038 1052 1106 1083 basi
1131 1063 1206 1083 area
1230 1053 1375 1084 circulari
1401 1055 1507 1094 grisea
1533 1059 1674 1093 notatus,
1696 1066 1747 1087 su-

119 1103 228 1144 perior
252 1113 326 1134 vero
351 1103 401 1133 vel
425 1103 550 1133 laeiniae
575 1102 729 1143 pallidus,
755 1103 966 1134 viridimbus.
1013 1103 1125 1134 Petala
1152 1105 1232 1135 alba.
1279 1105 1415 1136 Lamina
1439 1106 1617 1146 petalorum
1642 1108 1746 1138 latitu-

120 1155 196 1186 dine
220 1154 452 1194 longitudinem
478 1164 645 1194 superans.
692 1155 802 1185 Arista
825 1155 1036 1195 carpellorum
1067 1155 1203 1187 deflexa.
1250 1156 1490 1197 Carpophorum
1524 1158 1651 1189 brevius
1679 1169 1747 1190 car-

118 1206 264 1247 pophoro
289 1206 348 1237 Gei
373 1206 493 1237 rivalis.

275 1277 346 1306 Obs.
394 1275 420 1306 E
451 1275 573 1306 semine
603 1275 720 1305 cultum
752 1279 921 1312 constans,
953 1274 1037 1305 haud
1070 1275 1162 1306 dubie
1188 1276 1283 1306 affine
1307 1277 1345 1307 G.
1369 1277 1485 1312 rivali,
1512 1287 1531 1307 a
1555 1287 1616 1317 quo
1641 1281 1747 1308 tamen

119 1328 203 1359 notis
238 1327 343 1359 allatis
378 1327 473 1357 facile
507 1325 729 1366 distinguitur,
766 1326 926 1367 praecipue
957 1330 1023 1357 tota
1053 1326 1151 1358 herba
1183 1326 1409 1368 calycihusque
1439 1327 1746 1368 pallide-viridibus,

119 1380 237 1421 petalis
263 1379 363 1416 albis,
392 1378 467 1419 styli
492 1378 624 1408 articulo
648 1378 813 1418 superiore
838 1378 982 1408 breviore
1006 1378 1038 1408 in
1061 1379 1164 1409 fructu
1188 1380 1391 1420 persistente.

120 1494 178 1527 21.
222 1490 354 1527 GEUM
390 1498 716 1525 GENICULATUM
751 1489 882 1524 Michx.
918 1489 1013 1524 foliis
1041 1489 1259 1525 radicalibus
1283 1518 1314 1525 ..
1332 1518 1361 1525 ..
1383 1490 1478 1525 foliis
1508 1490 1659 1526 caulinis
1687 1491 1747 1526 tri-

220 1551 380 1598 partitis,
411 1549 657 1595 superioribus
682 1548 957 1593 subsessilibus,
987 1548 1214 1584 inferioribus
1242 1549 1440 1595 petiolatis3
1464 1549 1595 1596 petalis
1614 1550 1748 1597 pallide

221 1609 428 1657 purpureis,
458 1607 851 1652 cuneato-obcordatis,
878 1607 1037 1654 calycem
1066 1607 1215 1643 viridem
1235 1609 1528 1655 subaequantibus
1547 1609 1605 1644 vel
1625 1609 1748 1656 calyce

221 1669 328 1716 paulo
363 1667 603 1713 brevioribus3
641 1667 810 1714 carpellis
844 1666 1097 1713 piloso-hirtis;
1127 1667 1211 1714 styli
1246 1668 1394 1703 articulo
1423 1668 1591 1703 inferiore
1619 1668 1747 1714 glabro

222 1727 448 1774 longitudine
483 1727 648 1773 carpelli,
685 1726 871 1762 articulum
908 1726 1128 1772 superiorem
1161 1726 1362 1773 plumosum
1390 1727 1642 1774 subaequaute3
1672 1739 1748 1763 car-

221 1787 383 1834 pophoro
412 1786 588 1833 stipitato,
618 1786 742 1833 calyce
770 1786 944 1821 breviore.

119 1876 199 1912 Syn.
228 1872 266 1903 G.
289 1873 490 1911 yeniczclatztm
518 1874 627 1902 Michx.
659 1874 702 1901 Fl.
728 1875 821 1901 Amer.
847 1873 921 1906 bor.‚
948 1883 974 1910 p.
1000 1873 1071 1900 300.
1108 1889 1148 1891 —
1182 1873 1272 1900 Pnrsh
1303 1873 1347 1901 Fl.
1376 1874 1470 1901 Amer.
1502 1877 1574 1911 sept.
1605 1873 1649 1901 ed.
1676 1875 1692 1902 2
1717 1874 1746 1909 I,

292 1936 320 1964 p.
340 1927 411 1954 351.
439 1942 477 1945 -—
504 1926 584 1953 Torr.
607 1930 635 1952 et
660 1926 734 1962 Gray
765 1925 807 1952 Fl.
834 1925 866 1952 of
891 1924 986 1952 North
1017 1927 1110 1952 Amer.
1143 1926 1176 1958 1,
1206 1935 1233 1962 p.
1264 1925 1336 1952 422.
1381 1940 1413 1943 —
1448 1925 1525 1953 Pers.
1564 1926 1631 1962 Syn.
1658 1926 1690 1959 2,
1720 1936 1747 1963 p.

295 1979 344 2006 57.
370 1992 410 1995 —-
436 1978 560 2005 Trattin.
591 1977 692 2004 Rosac.
719 1977 851 2012 Monogr.
881 1976 914 2009 3,
943 1986 970 2013 p.
998 1976 1067 2003 143.

228 2028 269 2058 G.
294 2029 498 2066 vil'gyim'annm
523 2029 642 2066 Spreng.
675 2029 749 2065 Syst.
777 2028 846 2064 Veg.
873 2028 905 2061 2,
931 2037 957 2064 p.
984 2028 1056 2055 542.

272 2102 380 2134 Habit.
405 2102 437 2133 in
462 2103 609 2132 Ameriea
633 2101 874 2141 septentrionali
898 2101 1000 2131 rarius
1026 2105 1058 2131 ut
1082 2100 1113 2131 in
1137 2099 1271 2131 Canada
1293 2101 1498 2141 (MICHAUX),
1523 2100 1631 2132 Monte
1656 2101 1749 2131 Roan

119 2155 280 2187 Carolinae
305 2154 513 2194 septentrion.
535 2153 587 2193 (M.
612 2154 649 2184 A.
676 2152 804 2184 CURTIS
831 2156 863 2183 et
886 2152 914 2184 J.
941 2152 1062 2183 CAREY
1084 2152 1116 2182 in
1143 2151 1230 2182 herb.
1255 2151 1375 2189 anzs)
1397 2153 1438 2192 (v.
1464 2152 1510 2193 s.).

272 2214 382 2246 Caulis
407 2213 606 2254 pluriflorus,
630 2212 806 2253 bipedalis,
831 2218 972 2250 erectus,
996 2212 1119 2243 inferne
1145 2211 1297 2252 simplex,
1327 2222 1465 2252 superne
1490 2221 1633 2243 ramosus
1651 2211 1748 2242 ramis

122 2265 319 2306 patentibus,
344 2264 639 2302 reflexo-hirsutus,
662 2264 693 2294 in
716 2273 865 2304 suprema
888 2267 978 2304 parte
1002 2263 1067 2294 fere
1091 2262 1239 2301 villosus,
1264 2263 1375 2294 viridis
1394 2266 1428 2294 ut
1446 2263 1541 2294 etiam
1558 2266 1623 2293 tota
1639 2263 1749 2304 planta

120 2317 326 2357 calycesque.
372 2316 466 2347 Folia
490 2316 647 2347 radicalia
670 2315 822 2346 deficiunt
843 2314 875 2345 in
900 2314 1142 2355 speciminibus,
1168 2324 1237 2354 quae
1260 2313 1340 2351 vidi,
1364 2317 1398 2344 ut
1425 2313 1519 2344 etiam
1544 2313 1576 2345 in
1599 2314 1654 2352 iis,
1679 2324 1749 2354 quae

118 2369 157 2399 A.
183 2368 283 2399 GRAY
305 2367 372 2407 (Cfr
396 2368 444 2399 Fl.
471 2367 506 2398 of
524 2367 624 2398 North
649 2367 768 2406 Amer.)
798 2366 993 2397 examinavit
1018 2366 1051 2397 in
1080 2365 1228 2396 herbario
1255 2365 1460 2396 MICHAUXII.
1506 2364 1597 2396 Folia
1622 2366 1750 2397 caulina

118 2419 223 2460 pilosa
257 2419 420 2459 praecipue
455 2419 489 2449 in
523 2418 631 2449 nervis
666 2418 794 2458 paginae
828 2417 1004 2455 inferioris,
1033 2417 1210 2457 tripartita,
1239 2416 1365 2447 laciniis
1396 2415 1559 2454 obovatis,
1584 2426 1696 2456 grosse
1718 2419 1750 2447 et

117 2471 320 2511 inaequaliter
344 2470 487 2501 serratis.
534 2469 669 2510 Stipulae
692 2469 1008 2506 lanceolato-ovatae,
1033 2468 1167 2508 integrae
1197 2468 1249 2499 vel
1272 2467 1388 2498 bificlae.
1433 2467 1548 2498 Flores
1575 2476 1747 2508 campanu—

117 2522 190 2560 lati,
214 2522 281 2553 fere
304 2521 493 2563 paniculati‚
524 2521 675 2562 panicula
699 2519 877 2560 pauciflora
905 2519 1001 2560 (2-8»
1025 2518 1117 2560 flora)
1145 2518 1203 2549 sub
1234 2517 1362 2549 anthesi
1385 2521 1416 2549 et
1441 2520 1517 2559 post
1541 2527 1612 2549 eam
1634 2518 1748 2557 erecti,
